3092 4864
415 412 463 460 nn
487 411 573 462 erun
597 412 776 463 rerumne
800 413 1050 466 reuersurus.
1189 397 1274 463 1251

183 563 336 625 rtem-nu,
346 577 403 613 eree
414 569 423 594 ‘
433 562 532 614 foetere
541 562 557 626 ς’
573 563 670 629 qnippe
682 564 849 628 conjunctum
861 580 920 616 curn
938 565 1017 616 verbo
1036 577 1089 628 nprt
1107 567 1207 616 arineolr
1219 567 1274 616 irri-

184 659 257 709 gare.
268 645 337 709 qnod
352 645 378 694 ln
398 645 478 695 eacrie
489 645 572 703 libris,
584 653 613 695 nt
630 645 738 695 inierine
757 645 886 695 oeteneuri
902 661 997 708 aurnor,
1008 648 1109 696 nonnisi
1122 647 1221 698 derivo
1234 647 1275 697 rel

186 739 261 776 amne
273 725 380 788 dicitnr,
390 739 466 790 egroe
477 733 638 790 permeeute,
650 733 677 776 et
688 726 787 776 erebrie
799 726 959 791 aiunnaieque
976 725 1085 777 flexibus
1100 728 1203 778 eosdem
1221 728 1278 776 irri-

185 813 272 869 gante.
297 806 332 855 Et
343 819 401 855 curu
412 811 419 836 ¹
431 807 533 870 reporle
543 805 549 828 ¹
561 821 653 863 nomen
666 807 728 857 alibi
740 813 780 856 ter
791 813 910 858 occurret
922 807 947 858 ln
959 808 1049 857 iiedem
1061 808 1143 874 libris,
1154 823 1278 874 nunquam

186 888 318 950 perrrted
337 885 468 936 Hebraico
484 886 647 950 exprimitur.
680 887 752 938 Aliae
764 887 1004 952 pretereacemee,
1016 903 1078 938 eane
1089 903 1181 953 gravet
1196 897 1224 940 et
1236 905 1279 940 ra·

186 967 261 1026 lidea,
273 966 440 1030 quemobrem
452 967 563 1032 ‘vapor'
581 967 623 1018 hle
635 968 725 1032 inepte
739 976 860 1033 ponetur,
872 966 947 1020 affert
958 968 1076 1018 Seiienoe
1088 969 1113 1019 iu
1125 969 1280 1035 Annelilrue,

186 1047 220 1096 ed
231 1047 298 1095 diem
311 1046 399 1096 mundi
411 1048 524 1103 tertium,
536 1062 605 1098 num.
617 1051 659 1098 ll.

220 1127 290 1177 Fene
301 1129 344 1178 ilie
356 1127 460 1177 Peueae
468 1129 528 1178 ollrn
540 1128 599 1186 init,
610 1135 637 1178 et
648 1135 689 1178 eat
700 1127 837 1194 lrodieqoe,
850 1129 919 1178 unde
931 1128 1053 1181 Jordenie
1063 1129 1131 1194 fluit,
1141 1137 1170 1180 nt
1181 1129 1281 1180 Plinina

187 1209 314 1274 prodidit,
326 1223 352 1258 v.
364 1213 404 1258 ltl.
436 1208 574 1260 ‘Jordenle
586 1210 666 1259 euroin
683 1209 766 1259 oritur
785 1225 817 1258 ex
835 1209 907 1260 fonte
927 1209 1061 1272 Peneade,
1076 1211 1119 1276 qui
1138 1225 1280 1275 cognomen

187 1289 262 1338 dedit
274 1288 419 1337 Geraneae?
451 1289 486 1338 Et
497 1303 557 1353 eep.
571 1293 609 1340 le.
621 1303 647 1353 p.
659 1293 717 1340 268.
750 1289 894 1340 Tetrarcim
910 1297 918 1321 ‘
932 1292 1040 1348 Pareae,
1053 1291 1079 1340 ln
1091 1305 1143 1354 qtra
1152 1291 1282 1352 Cesarea,

188 1383 247 1420 enm
259 1369 409 1433 eupredioto
419 1368 511 1420 fonte.'
543 1369 575 1419 Iu
586 1369 756 1420 describendo
768 1377 826 1420 ortu
837 1369 970 1429 Jordenia,
981 1377 1009 1420 ut
1021 1371 1145 1420 mentitur
1158 1385 1216 1422 eree
1228 1373 1282 1422 Pll-

188 1451 246 1500 nine
257 1451 460 1512 existimaretur,
476 1463 506 1500 ao
522 1449 643 1501 tortereie
655 1465 687 1500 ne
699 1448 788 1500 ‘ione'
799 1451 853 1512 ille,
863 1451 938 1515 cnjue
948 1451 990 1501 lrio
1003 1451 1091 1501 Mo·ee
1104 1452 1229 1514 meminit,
1240 1453 1283 1502 ilie

188 1543 245 1579 eaee
265 1529 425 1585 crederetur.
444 1531 512 1580 node
538 1529 661 1582 Jordaule
680 1531 775 1594 oritur,
799 1529 861 1580 ticte
881 1531 982 1594 gemine
999 1529 1088 1580 iebnle
1105 1539 1161 1581 eet:
1191 1533 1284 1590 altera,

189 1625 249 1676 que
260 1609 357 1660 iontem
370 1610 436 1661 itone
446 1611 529 1675 iprum
542 1610 689 1662 Paneedem
706 1625 738 1660 ex
753 1611 879 1660 ulteriore
898 1613 966 1666 lacu.
978 1611 1071 1660 Plriele
1082 1612 1224 1674 eppelleto,
1237 1625 1284 1676 per

188 1691 373 1741 atrbterreneoe
383 1699 484 1742 meatur
494 1705 630 1755 erumpere
646 1691 775 1755 lingeret3
792 1691 885 1753 nitere,
898 1705 955 1757 quc
972 1705 1006 1740 ex
1024 1692 1126 1754 gemino
1140 1691 1213 1741 ioute
1225 1707 1286 1755 pro·

189 1773 247 1822 dire
261 1773 328 1822 ione
337 1787 437 1822 emnem
455 1771 574 1830 referret,
590 1785 699 1837 quornm
710 1771 754 1821 nni
764 1786 857 1821 nornen
867 1779 937 1821 erret
947 1772 955 1801 ¹
964 1770 1028 1834 ior,'
1036 1772 1109 1821 elteri
1118 1786 1178 1820 vero
1189 1775 1197 1801 ⁴
1209 1771 1286 1822 Dan-¹

221 1855 230 1883 ⁸
241 1851 406 1903 Aaceudebet
418 1867 432 1900 e
445 1850 533 1902 terra.'
563 1851 716 1902 Scatebrem
734 1851 787 1900 eire
802 1851 976 1902 ebullitionem
994 1866 1068 1917 eque
1080 1851 1219 1916 surgentio,
1231 1859 1285 1902 ete

191 1940 262 1982 terre
272 1933 424 1994 eaeiiientle,
437 1947 486 1982 roa
498 1933 542 1982 iile
553 1933 561 1963 ⁸
574 1931 744 1982 accendendi'
762 1931 879 1982 denotet.
911 1931 1000 1981 'l'errte
1015 1939 1101 1982 autem
1113 1933 1224 1992 nomine,
1234 1933 1287 1982 Pe·

191 2014 319 2063 iteetiuem
330 2013 422 2077 ipeem.
434 2022 463 2063 nt
480 2027 540 2063 mox
557 2011 681 2072 dicernere,
698 2011 779 2061 Sacer
797 2013 916 2076 Scriptor
935 2013 1067 2076 inteiligit.
1099 2013 1150 2062 Sed
1161 2028 1285 2078 perquem

193 2096 335 2145 accurrate·
348 2093 460 2143 terram'
477 2093 551 2149 dixit,
568 2107 618 2142 non
634 2097 642 2122 ¹
654 2092 800 2157 paredienm
811 2091 827 2142 :'
844 2100 874 2144 ot
885 2101 961 2143 entre
980 2093 1128 2158 peredirnnr
1139 2091 1218 2143 iniere
1230 2091 1286 2142 ion-

192 2181 244 2224 tem
254 2189 313 2223 enm
330 2173 540 2235 lutetllpereuue.
573 2173 640 2224 Nam
660 2173 769 2237 primunr
787 2173 890 2237 quidem
907 2171 986 2223 ‘ione
998 2187 1013 2223 e
1026 2180 1098 2222 terre
1113 2169 1287 2223 arcendebet'

191 2255 224 2304 ed
241 2253 398 2318 irrigandam
416 2253 579 2318 euperdciem
597 2260 693 2303 terre:
710 2251 806 2303 deinde
823 2251 915 2303 fluriue
932 2251 1122 2317 egrediebatur,
1134 2255 1213 2303 etiem
1230 2254 1287 2316 ipre

192 2341 270 2385 extre
285 2333 432 2399 parediennt
444 2335 471 2383 la
481 2348 513 2384 eo
524 2347 647 2398 egressu:
665 2332 711 2382 aed
730 2347 791 2384 mox
811 2333 963 2398 perodien-
982 2333 1094 2382 eundem
1110 2333 1244 2384 cubiturus
1260 2337 1289 2382 et

193 2417 355 2477 irrigetnrua.

227 2499 235 2525 ⁸
248 2495 400 2546 Univereem
411 2491 574 2558 superfit-iero
586 2497 683 2546 terree.’
714 2493 822 2544 Hebrni
838 2494 847 2522 ⁴
860 2493 1005 2543 oniremem
1016 2491 1180 2557 ruperiioiem
1193 2495 1289 2553 terre:

195 2582 318 2626 consueto
327 2575 448 2624 idiomate
459 2575 684 2638 circumjacentem
703 2572 862 2624 solummodo
880 2573 1010 2637 regionem
1032 2573 1176 2637 appellant,
1187 2573 1287 2637 qualem

195 2655 300 2722 quidem
318 2662 344 2704 et
360 2663 484 2719 quentam
502 2655 608 2718 intelligi
625 2655 748 2704 oretionie
765 2661 946 2718 ergomentnnr
964 2653 1058 2717 percit.
1091 2651 1168 2702 Unde
1187 2651 1290 2704 Gallice

196 2735 272 2786 reddi
283 2737 348 2785 lrene
362 2749 452 2785 rocem
465 2735 504 2784 eie
514 2741 628 2800 oportet,
650 2739 715 2784 tonte
730 2737 753 2785 le
769 2733 860 2795 eudone
876 2736 909 2784 de
924 2749 991 2799 pepe.
1026 2735 1113 2800 Atque
1125 2735 1160 2783 ite
1172 2747 1290 2798 pereepe

195 2817 222 2866 in
236 2817 308 2866 lilrrie
319 2815 417 2865 racrlr⁴
431 2815 518 2878 terra,'
528 2821 556 2865 et
568 2814 576 2842 ‘
586 2816 703 2865 unirema
715 2814 803 2877 terre,’
817 2829 865 2880 pro
881 2820 936 2864 tota
951 2814 1038 2879 elique
1054 2815 1158 2878 regione
1176 2814 1291 2877 ponitur,

197 2897 282 2947 tuelle
291 2910 360 2960 pepe.
395 2895 489 2958 Neque
501 2893 619 2958 proiecto
640 2901 717 2946 terre
733 2895 870 2953 universe,
886 2903 915 2945 nt
932 2909 989 2945 eem
1007 2907 1096 2944 rocem
1109 2895 1185 2957 volgo
1196 2893 1292 2943 iutelli-

198 2979 290 3042 pimue,
300 2976 407 3038 irrigare
418 2975 581 3038 superficiem
593 2974 649 3024 ione
661 2989 727 3024 notre
737 2983 835 3038 potent.

230 3055 356 3106 ‘Fortia'
376 3069 438 3104 rero
454 3055 558 3105 nomine
575 3055 643 3104 riroe
660 3055 838 3118 intelligiture
849 3053 921 3106 fonte
938 3052 1078 3119 profluens,
1089 3067 1117 3105 et
1127 3067 1227 3104 emnem
1239 3051 1293 3104 etti·

199 3137 285 3188 cient:
304 3149 361 3186 nem
372 3143 400 3186 et
411 3133 498 3186 t'outee
510 3135 648 3186 decurrere
661 3151 707 3199 per
718 3150 823 3200 cernpoe
841 3143 871 3190 et
887 3137 967 3186 eallee
984 3134 1114 3188 dicuntur.
1139 3135 1213 3184 Peal.
1230 3147 1291 3184 ctrr.

200 3223 240 3268 ro.
266 3215 338 3268 ‘Qui
349 3216 447 3265 emittie
459 3214 544 3265 iontea
561 3216 587 3264 in
604 3215 780 3266 coneesslbure
799 3215 994 3266 intermedium
1012 3216 1136 3265 morutium
1154 3215 1294 3279 pertrnnei-

199 3299 266 3347 bunt
277 3295 367 3360 aqner!
394 3295 465 3347 Quin
476 3296 555 3344 etiem
567 3295 649 3345 Morio
660 3304 750 3354 etate,
762 3311 838 3360 quern
851 3311 951 3346 emnem
962 3295 1101 3348 Jordenem
1113 3297 1230 3358 dicimur,
1242 3309 1293 3344 non

201 3375 292 3426 habuit
307 3375 329 3424 le
345 3374 468 3426 Jordanie
485 3389 578 3425 nomen
597 3382 658 3426 ante
674 3389 802 3440 egreeenm
815 3391 829 3426 e
841 3377 904 3425 marl
916 3391 963 3426 een
980 3377 1037 3425 leco
1054 3375 1208 3425 'lilrerledie¹
1240 3375 1294 3426 Sed

200 3455 270 3522 qrtod
284 3455 397 3506 anteriore
407 3451 465 3505 liuit
476 3469 491 3505 e
502 3453 574 3506 iente
584 3455 706 3506 Paneede
719 3457 843 3521 nequead
856 3471 912 3505 eom
925 3457 1019 3510 lecum,
1031 3453 1056 3502 in
1069 3469 1142 3519 quem
1155 3469 1181 3503 re
1193 3455 1295 3502 immet.

201 3537 249 3600 git,
268 3535 373 3586 Helrrei
391 3533 523 3585 ‘iontem'
540 3535 719 3598 appellebant,
735 3543 763 3586 et
782 3534 897 3586 'iontem
915 3534 1043 3598 Deplmim
1054 3533 1070 3594 ;’
1088 3541 1117 3583 ut
1135 3539 1243 3596 apparet
1262 3547 1295 3582 ex

202 3617 281 3686 Num.
294 3628 395 3664 xxxiv.
409 3619 449 3664 ll.
461 3619 502 3665 le.
513 3615 557 3665 ubi
568 3615 661 3666 Terre
673 3616 847 3680 promieeionia
863 3616 929 3666 nilne
946 3623 975 3666 et
990 3615 1087 3664 limiter
1104 3613 1297 3680 describuntur,

201 3695 256 3745 ‘ed
276 3695 513 3760 septemtrionalem
534 3696 635 3760 plegem
655 3711 672 3747 e
689 3697 753 3746 meri
772 3695 881 3760 magno:
899 3697 955 3745 nire
970 3695 1169 3745 mediterraneo.
1209 3695 1296 3746 ‘lude

202 3785 296 3826 contre
313 3775 465 3826 orientalem
486 3777 587 3840 plegem
605 3775 639 3826 do
657 3777 718 3827 rille
734 3777 808 3826 Enete
827 3791 908 3840 neque
923 3775 1071 3840 sephama?
1087 3776 1155 3840 quod
1173 3777 1296 3840 oppidum

202 3855 282 3904 feriere
293 3863 398 3920 oportet
410 3856 481 3905 circe
492 3853 590 3905 iontem
607 3857 691 3921 iprum
706 3857 837 3916 Jordanir,
848 3855 916 3905 uude
935 3855 960 3905 lei
977 3855 1071 3906 limites
1090 3857 1227 3906 orienteiee
1238 3873 1299 3922 pro·

203 3937 300 3985 cedunt
320 3949 409 3985 verena
421 3935 554 3998 Aornum,
572 3945 601 3984 nt
617 3944 689 3986 recte
706 3935 858 3986 Boni'rerine
874 3943 963 3986 notter
979 3935 1180 3987 enimadrertit=
1203 3937 1251 3988 ‘et
1264 3937 1296 3987 de

204 4016 332 4079 Sepirama
352 4015 513 4064 descendunt
527 4015 629 4066 termini
640 4017 666 4065 in
680 4017 764 4067 ttebte
781 4025 872 4066 contra
889 4014 988 4066 iontem
1001 4016 1147 4080 Depltnim:
1165 4017 1225 4066 inde
1239 4031 1298 4081 per·

206 4097 312 4144 eenleut
323 4105 415 4145 contre
431 4097 556 4146 orientem
569 4097 601 4145 nd
619 4111 688 4146 mare
705 4097 853 4159 Ceneretlt,’
863 4097 907 4162 qui
919 4105 946 4146 et
957 4097 1028 4146 iecor
1039 4095 1181 4145 Tiberiadis
1193 4105 1242 4156 eet,
1254 4098 1261 4122 ⁶
1271 4102 1299 4144 et

205 4173 315 4227 tendent
326 4191 406 4241 uentre
417 4177 448 4224 ed
460 4175 618 4238 Jordanenr,'
629 4177 673 4226 nbi
690 4177 809 4226 nimirum
825 4177 936 4240 emergit
948 4191 963 4226 e
974 4175 1051 4238 leon;
1069 4177 1077 4204 ⁸
1089 4182 1116 4225 et
1133 4174 1164 4224 ed
1183 4175 1299 4224 ultimum

205 4255 344 4306 eeleirrirno
358 4256 513 4307 clauduntur
523 4255 604 4320 nrari,'
614 4255 658 4320 qui
668 4259 710 4306 eet
723 4255 884 4321 Aepheititee
896 4257 976 4306 laone.
