3148 4884
263 351 348 420 1388
631 368 663 414 c.
687 367 808 416 rursu
832 365 996 418 ssuurtnt

265 513 341 580 luit.
385 513 435 580 Μ.
461 511 661 594 Perpenna,⁸
689 518 724 574 et
751 529 857 594 nuper
879 511 918 576 L.
944 511 1125 588 Volusius*
1145 511 1354 588 Saturninus,

266 613 411 680 omniurn
436 631 522 695 quos
546 611 581 675 in
607 612 782 678 consulatu
804 612 1000 678 sententiam
1022 620 1218 694 rogaverant
1239 631 1355 696 super-

266 716 365 782 stites
378 701 482 778 luere.
526 713 714 798 Perpenna,
727 719 856 795 septem
880 714 1015 796 reliquit
1037 733 1081 780 ex
1107 715 1161 788 iis,
1176 735 1263 797 quos
1277 735 1356 782 oon·

267 835 324 882 sor
336 815 476 896 legerat:
499 814 585 880 vixit
600 833 704 880 annos
717 822 870 880 novur.⁵
916 815 995 894 Qua
1008 816 1043 880 in
1058 837 1091 880 re
1104 823 1138 881 et
1151 817 1235 884 illud
1251 836 1358 882 anno-

267 923 339 982 ture
369 917 540 994 succurrit,
568 935 671 980 uuum
693 917 827 982 omnino
850 919 1107 1002 quinquennium
1138 919 1259 996 fuisse,
1285 937 1356 1001 quo

267 1022 401 1084 senator
422 1017 530 1083 nullus
554 1022 750 1082 moreretur:
773 1037 847 1082 curn
872 1019 1040 1084 Ir'luccusu
1064 1029 1099 1084 ot
1111 1019 1256 1086 Albinus
1277 1039 1358 1086 ceu·

268 1138 364 1184 sores
378 1119 518 1182 lustrum
533 1117 723 1196 condidere,
739 1119 898 1202 usquead
913 1122 1107 1202 proximos*
1123 1140 1291 1198 censores,
1311 1121 1357 1186 ab

269 1239 356 1284 anno
381 1218 483 1282 Urbis
507 1219 769 1303 quingentesimo
795 1221 1040 1301 septuagesimo
1063 1220 1179 1284 ιιοιιο.6
1222 1219 1272 1284 Μ.
1287 1218 1358 1286 Va·

268 1321 391 1386 lerius'
406 1320 582 1397 Corvinus,
598 1335 630 1382 o.
645 1335 750 1384 anuos
765 1319 935 1402 implevit:
958 1320 1055 1404 cujus
1069 1322 1152 1386 inter
1167 1321 1308 1405 primurn
1322 1329 1359 1384 et

269 1429 404 1488 sextum
420 1422 625 1494 consulatum
640 1436 745 1485 xcvi.
761 1420 839 1484 anni
850 1427 863 1454 ¹
873 1419 975 1486 luere.
1018 1421 1113 1488 Idem
1130 1421 1238 1488 sellay
1252 1421 1359 1488 curuli

721 1649 823 1672 „000”
828 1649 900 1672 ”⁴00

271 1782 323 1831 LX
326 1781 370 1832 Vl.
383 1783 478 1845 livius,
491 1785 576 1835 xnn.
587 1784 643 1834 Vsl.
661 1783 882 1834 mex.nxr1.-s
901 1781 984 1833 cutm.
996 1779 1107 1831 LXXX
1109 1781 1184 1831 vm.
1195 1780 1252 1830 cod.
1268 1780 1361 1830 Dslsc.

272 1847 436 1897 >scm-o
452 1848 525 1900 Idem
547 1849 639 1914 codex,
655 1851 824 1912 upluugssimo
840 1853 929 1899 octcse
960 1849 1034 1906 Mox,
1056 1847 1094 1895 Μ.
1115 1847 1223 1896 Valerius
1245 1845 1363 1895 Comisse

762 2029 868 2082 NOTAE

272 2157 345 2208 suuis
370 2167 507 2222 sngurstus
528 2161 701 2211 sacerdotium
719 2161 795 2212 susti·
833 2161 881 2224 gire
894 2160 1020 2224 lucremur.
1053 2157 1120 2208 Nsrn
1138 2154 1359 2216 lerunthrxern,

271 2235 367 2294 unisse,
390 2235 497 2284 robusta
516 2243 594 2286 erute
615 2235 641 2287 id
663 2236 797 2302 adeptum,
834 2249 892 2286 curn
903 2237 1053 2294 immensum
1065 2233 1207 2284 exercitum
1216 2233 1296 2284 oculis
1307 2233 1363 2282 obi·

270 2308 386 2372 prodidit
396 2310 452 2360 Vel.
472 2311 543 2360 Mur.
563 2311 613 2362 loc.
633 2311 678 2362 cit.
697 2325 723 2376 p·
738 2314 797 2362 408.
834 2305 906 2368 isset,
918 2312 1102 2376 illacrymasse,
1115 2308 1180 2376 qnod
1194 2316 1232 2358 tot
1251 2309 1362 2360 rniililrus

271 2383 356 2436 Editis
376 2391 461 2436 tamen
480 2385 558 2436 Plinii
576 2385 648 2438 libris
667 2400 742 2436 muuu
753 2400 797 2436 ex·
835 2394 888 2438 tsnu
900 2386 985 2436 brevis
997 2387 1141 2436 immineret
1151 2383 1274 2434 occasus-⁹
1296 2384 1363 2436 (ies-

272 2461 340 2512 arati
357 2463 532 2526 consentiunt,
551 2464 615 2526 Reg.
632 2466 653 2512 1.
668 2465 693 2512 2.
712 2462 798 2514 Paris.
835 2471 904 2511 ssrst
922 2463 943 2512 is
956 2463 1122 2511 Consulatum
1137 2474 1195 2510 curu
1207 2460 1312 2510 Nerone
1323 2474 1363 2512 sc·

272 2539 321 2586 dre.
772 2558 773 2562 ¹
835 2537 946 2588 cundum
960 2538 1081 2588 Consule.

305 2618 314 2642 ¹
331 2613 368 2662 Μ.
382 2613 517 2678 Perpenna]
533 2616 729 2666 Valeriusidem
745 2616 797 2668 loc.
867 2615 919 2670 ΙΙ..
936 2615 1056 2679 Volrnius]
1074 2615 1113 2664 Ds
1131 2628 1162 2663 eo
1181 2612 1281 2676 egimus
1302 2610 1364 2662 iibri

272 2687 317 2738 cit.
330 2689 398 2740 unde
415 2691 470 2742 ireec
485 2693 586 2744 Plinius
598 2701 728 2745 mittuntur
740 2700 796 2742 est:
835 2691 909 2756 hujus
921 2705 979 2754 cap.
990 2695 1030 2740 12.
1050 2691 1170 2740 Veterem
1184 2688 1361 2744 Consularem,

272 2763 348 2814 ‘lam
361 2765 443 2816 dell.
457 2768 596 2831 Perpenna
612 2769 672 2834 qnid
689 2767 797 2832 loquar?
835 2765 1056 2832 opulentissimum
1079 2765 1172 2828 uirum,
1190 2769 1268 2812 vocet
1288 2761 1364 2812 ceu·-

272 2839 315 2903 qui
332 2841 447 2890 omnibus
465 2857 527 2906 quos
543 2845 570 2892 in
586 2846 684 2894 Senatu
702 2843 798 2894 Consul
836 2842 911 2890 melle
920 2855 940 2891 1.
951 2846 975 2892 7.
984 2855 1043 2904 pag.
1053 2845 1094 2890 29.
1106 2847 1132 2890 et
1144 2839 1253 2888 eundem
1265 2850 1317 2886 sse
1327 2835 1365 2885 ri·

272 2922 411 2976 rogaverat
438 2924 570 2978 superstes
597 2917 666 2968 suit:
697 2927 797 2982 septem
835 2925 1023 2968 sumrertetnr.

273 3002 373 3053 quoque
402 2991 586 3055 tautummodo,
612 3007 674 3058 qnos
701 2995 799 3046 Censor
868 2994 959 3042 “Cum
972 2991 1085 3057 floreos]
1104 2989 1308 3042 Anuonuxxtx.
1329 2987 1366 3039 Q.

273 3063 373 3133 collega
391 3065 419 3114 L.
437 3066 551 3130 Philippi
569 3069 675 3134 legerat.
685 3083 700 3119 e
712 3070 799 3120 Patri·
836 3065 941 3116 Pulrius
953 3067 1072 3129 Flaccus,
1083 3074 1111 3116 et
1122 3065 1153 3116 Α.
1164 3061 1366 3114 PostumiusAl-

273 3138 322 3188 bus
337 3139 497 3204 Conscriptis
515 3143 626 3208 reliquos
645 3144 725 3196 vidit:
744 3151 799 3196 toto
836 3145 910 3196 binus
923 3147 1060 3208 Censores,
1071 3147 1176 3196 lustrum
1192 3143 1275 3206 egisse
1291 3141 1366 3207 qrrin-
1423 3145 1427 3152 “

274 3215 363 3264 ordine
374 3217 529 3279 amplissimo
539 3217 700 3270 diuturnior!
722 3221 799 3270 Virs-
837 3223 1012 3288 quagesimutn
1022 3223 1130 3286 primum
1138 3220 1259 3270 dicuntur
1268 3219 1295 3268 in
1304 3217 1368 3270 sss·

273 3291 505 3342 rehicdesiitsub
522 3295 623 3346 initium
639 3296 800 3346 bellicivilis
838 3297 881 3348 tis.
1366 3319 1370 3326 ·

274 3367 426 3430 decertant,
440 3369 467 3421 l·
484 3370 561 3420 Corn·
579 3371 698 3433 Lentulo,
708 3373 800 3424 Claud.
870 3381 881 3406 v
898 3373 938 3424 Ad
950 3371 1081 3437 proxime]
1097 3369 1367 3432 contremescens

273 3444 402 3496 Marcello
420 3445 493 3496 Coss.
511 3459 578 3496 suno
596 3459 686 3498 ncovr.
704 3455 734 3497 ut
750 3449 800 3498 Ilio
838 3450 949 3506 scilicet,
962 3450 995 3500 ds
1013 3448 1188 3514 quoproxime
1205 3443 1367 3505 dictumest,

273 3519 362 3570 scribit
373 3521 417 3572 lib.
428 3534 483 3572 unt.
499 3537 558 3586 pag.
571 3527 629 3574 1110.
656 3523 745 3574 Simile
756 3539 801 3574 ex·
837 3535 866 3576 et
882 3527 1007 3589 collegam
1019 3527 1074 3590 ejus
1085 3525 1114 3574 L.
1127 3521 1254 3574 Marcium
1266 3521 1367 3582 Philip-

274 3596 385 3658 emplunr
405 3597 434 3648 ln
451 3597 554 3648 Pisonis
575 3598 735 3662 illius,cujus
749 3599 801 3648 l'li·
840 3616 909 3666 pum,
932 3615 997 3666 quos
1019 3615 1051 3650 eo
1071 3598 1173 3648 iunctos
1190 3609 1247 3645 esre
1260 3609 1368 3644 mernere

274 3669 330 3718 nius
343 3671 408 3720 alter
416 3673 541 3733 meminit,
550 3673 634 3738 Epist.
646 3681 723 3728 nra.
741 3677 801 3740 ‘qui
839 3693 906 3728 anno
927 3689 1063 3728 ncuxvtrr.
1082 3676 1112 3726 L.
1133 3675 1211 3724 Corn.
1227 3671 1318 3732 (liuns,
1337 3671 1369 3721 C.

275 3744 363 3796 dicere
384 3747 493 3810 solebat,
513 3751 648 3802 Neminem
666 3766 694 3802 ss
712 3751 801 3802 videre
839 3754 924 3806 Murio
945 3753 1081 3816 septimum
1103 3751 1175 3802 Coss.
1201 3747 1274 3798 Fasti
1300 3745 1370 3796 reis-

276 3819 302 3868 in
313 3821 419 3886 Senatu,
436 3839 510 3887 qrram
523 3827 619 3878 Consul
631 3828 685 3890 ipse
697 3835 801 3878 senten·
840 3836 915 3878 runt:
933 3829 1091 3892 taetrumque
1103 3824 1197 3876 iecisse
1209 3836 1297 3874 usuri.
1387 3867 1391 3878 .

276 3897 337 3948 tiam
354 3901 505 3963 rogavisset.
536 3903 597 3953 Tem
616 3905 732 3966 ungustis
752 3912 801 3952 ter·
872 3912 888 3938 r
905 3905 943 3952 Μ.
956 3902 1077 3965 Valerius]
1094 3899 1278 3962 Acceptslrnc
1290 3898 1369 3952 stium

276 3973 482 4038 minis.’snbjirit
493 3976 561 4026 idern
574 3978 688 4042 egregie,
705 3984 802 4028 'tentes
840 3979 970 4030 sValerio
988 3980 1037 4028 loc.
1049 3980 1094 4028 cit.
1128 3975 1204 4026 Unde
1222 3975 1246 4026 si
1263 3975 1371 4028 Corvini

276 4049 447 4100 multitudinis
460 4054 582 4104 vivacitas
601 4055 658 4118 ipsc
669 4055 802 4104 conciudi-
840 4069 944 4117 nomeu,
963 4055 1046 4104 disces
1061 4068 1094 4104 ex
1110 4051 1201 4102 eodem
1215 4064 1277 4101 vrrs.
1290 4056 1330 4105 1⁶.
1343 4065 1371 4118 p·

279 4133 335 4174 tur:
354 4133 381 4174 nt
391 4127 451 4175 mihi
464 4141 513 4176 non
526 4130 599 4178 renis
616 4129 696 4178 solum
708 4130 804 4194 digne,
840 4135 899 4182 titt.

278 4213 365 4254 rernm
377 4202 455 4254 etiem
467 4203 543 4254 laude
555 4204 751 4257 videanturillrs
764 4220 802 4256 rs·
872 4213 885 4244 ¹
911 4205 1009 4258 Xdl'l.
1029 4203 1099 4268 orsi]
1121 4203 1164 4254 lta
1183 4203 1249 4256 llis.
1270 4215 1370 4263 omues.
