3148 4884
540 377 627 425 nar.
652 376 748 426 ursa.
774 377 844 426 ure.
870 377 933 424 tur.
955 362 1010 427 57.
1227 361 1313 427 1435

223 519 390 603 Trojanos
416 483 546 602 priores¹
568 521 781 602 excogitasse
805 522 838 586 in
857 520 1082 603 Hellesponto
1098 528 1225 606 putent,
1241 539 1316 585 cum

224 622 401 686 transirent
430 621 592 686 adversus
616 621 779 687 Thracas.
823 621 935 686 Etiam
958 641 1045 687 nnuc
1064 624 1098 686 in
1124 623 1317 704 Britannico

224 741 351 788 oceam
375 724 487 788 vitiles
502 731 521 758 '⁹
543 725 636 789 corio
659 726 870 789 circumsutae
895 725 997 788 liunt:
1019 725 1053 789 in
1074 725 1181 790 Nilo¹
1199 745 1242 789 ex
1259 745 1318 809 pa·
1402 703 1411 722 ’

224 845 320 908 pyro,
343 831 376 890 et
399 827 525 908 scirpo,
548 833 584 890 et
605 827 773 890 arundine.
818 827 935 910 Longa
950 837 1057 892 navey
1075 828 1236 893 Jasonem
1252 828 1317 912 pri-

225 947 314 990 murn
340 928 527 1010 navigasse,
553 926 832 1011 Philostephanus
863 936 976 994 auctor
1001 935 1075 993 est:
1108 929 1278 1012 Hegesias
1291 939 1318 978 ⁵²

227 1029 428 1095 Paralumr¹
452 1030 585 1096 Ctesias
616 1030 825 1096 Semiramim
837 1039 871 1096 ε·
891 1031 1118 1101 Archomacus
1131 1025 1182 1078 ⁵³¹³
1204 1033 1318 1113 AEgae-

228 1151 336 1197 ouem.
373 1133 558 1197 Biremem⁰
574 1133 755 1198 Damastes
770 1134 960 1218 Erythraeos
971 1135 1114 1199 iecisse:
1132 1133 1317 1198 trirememl

684 1297 697 1316 θ
701 1297 862 1317 ΝΟΜΑΜΟ

228 1417 260 1462 tt
279 1413 379 1474 Egeaics
388 1413 503 1464 Gronov.
515 1421 542 1464 et
553 1416 585 1464 al.
597 1423 658 1465 ente
668 1413 902 1464 lietduinum-53
920 1413 960 1463 Ita
969 1414 1045 1465 codd.
1057 1413 1185 1463 Hardnini
1197 1421 1223 1462 et
1234 1413 1320 1464 chiffl.

228 1492 285 1525 cum
297 1477 357 1528 edd.
374 1487 481 1530 receutt.
507 1480 601 1529 ctesias
611 1481 751 1544 Sumprem:
769 1480 895 1542 Supltmras
906 1479 1064 1528 Sendrumia:
1080 1479 1262 1536 Arctemuclnra,
1277 1481 1319 1538 tre.

229 1541 344 1592 Gronov.
356 1549 383 1593 et
394 1543 455 1593 edd.
466 1551 526 1594 aute
536 1544 707 1595 Havdninnnr.
734 1543 890 1595 Antimachus
901 1544 961 1594 vet·
970 1545 1062 1594 Delcc.
1073 1544 1224 1593 Arctsaclms
1235 1541 1319 1594 cutm.

727 1706 833 1758 Nouffi

262 1810 278 1834 '
300 1803 396 1868 Vitllsa]
424 1804 483 1854 Hoc
506 1812 554 1861 est,
577 1805 704 1867 vimineae,
723 1819 756 1854 ea
792 1803 888 1852 struxit
903 1817 918 1852 a
936 1815 964 1852 as
983 1800 1198 1866 cognominatam.
1232 1801 1272 1850 De
1288 1813 1321 1850 co

231 1880 325 1930 vimine
337 1879 426 1943 secter,
437 1889 465 1932 et
476 1883 545 1932 corio
554 1881 648 1932 deiude
659 1883 756 1932 obduc-
792 1893 892 1929 rursum
907 1891 997 1930 xxxv.
1007 1881 1048 1927 36.
1058 1892 1084 1927 ιι.
1095 1882 1136 1929 2⁰.

231 1963 274 2006 te.
315 1959 396 2007 Solini
430 1960 601 2022 paraphrasis,
631 1974 690 2022 cap.
716 1963 758 2008 aa.
825 1955 946 2003 ⁸Ctesias
963 1954 1124 2015 monim]
1148 1951 1241 2002 uetera
1261 1952 1323 2002 Dlo·

228 2031 378 2096 ‘Navigant
397 2041 483 2083 autem
505 2034 623 2083 Britanni
643 2033 757 2083 vimineis
793 2031 871 2080 dorus
882 2030 936 2080 Sic.
947 2029 991 2079 lib.
1002 2043 1034 2079 tt.
1049 2043 1108 2093 pag.
1120 2031 1176 2078 1⁰3.
1210 2029 1322 2078 Semira-

231 2107 323 2170 alveis,
342 2123 406 2172 quos
427 2109 591 2159 circumdant
617 2110 757 2160 ambitione
793 2106 863 2168 ratim,
875 2117 934 2155 cnm
946 2104 1069 2154 adversus
1080 2103 1159 2153 indos
1176 2103 1323 2166 expeditio·

232 2191 363 2247 tergorum
383 2184 551 2236 bubalorum:
585 2186 678 2236 Vltiles
694 2187 759 2237 dicit
794 2197 852 2234 nem
875 2191 989 2248 pararet,
1010 2197 1088 2232 nares
1112 2182 1152 2230 bis
1174 2182 1243 2231 tuille
1266 2180 1322 2230 fleri

232 2273 248 2307 a
270 2258 377 2320 ‘vierc,'
397 2259 467 2324 quod
494 2261 563 2322 apud
592 2262 690 2323 priscos
718 2269 759 2312 est
790 2261 909 2324 jussisse,
932 2259 1038 2324 (Snidas
1056 2257 1261 2322 rpcxtalasrois
1278 2275 1323 2318 μι·

200 2349 208 2362 “
232 2337 364 2399 ancre,vel
376 2336 465 2400 ligare.
498 2337 594 2386 Sutiles
607 2337 706 2388 Plinius
713 2352 758 2402 ap·
795 2337 860 2400 spur,
876 2339 1038 2398 manases
1048 2339 1086 2385 ter
1095 2334 1173 2396 mide)
1185 2348 1278 2397 easque
1290 2335 1323 2382 ds·

234 2413 327 2476 pellat,
355 2427 371 2462 a
390 2414 461 2463 corio
486 2415 655 2472 circumsoto.
677 2429 759 2466 xxiv.
796 2409 1323 2479 wn,uoce‚st‚quentssotvtdisjungi·

232 2491 274 2538 ll).
796 2504 847 2555 qne
858 2495 973 2552 possent,
983 2501 1013 2536 ac
1033 2501 1133 2536 rursnm
1151 2499 1198 2548 pro
1214 2484 1324 2533 arbitrio

266 2571 278 2598 ¹
296 2565 327 2616 Ia
348 2565 420 2630 Nilo]
437 2566 560 2618 Dicemus
570 2581 602 2617 ea
613 2569 646 2618 cle
658 2581 686 2619 re
697 2581 761 2619 xrrr.
797 2564 987 2628 coagmentari:
1006 2562 1117 2616 Gallice,
1134 2561 1228 2610 accim
1239 2575 1269 2609 aa
1282 2558 1324 2617 sn·

235 2644 278 2690 nt.
795 2647 846 2705 got.
880 2639 1043 2689 VideNotas
1056 2635 1309 2686 enumeraturus.

267 2717 379 2780 'bna
399 2717 471 2780 accc]
503 2718 564 2768 Fuit
589 2719 625 2770 rel
649 2723 761 2772 nauticae
830 2715 1027 2780 tantem]
1045 2713 1196 2777 Ἀρχέμαχος
1222 2712 1249 2760 tv
1273 2713 1326 2760 esis

236 2792 382 2842 ediscendae
400 2793 426 2842 in
446 2793 536 2856 primis
555 2795 684 2846 studiosus
708 2796 762 2846 Pli·
797 2789 950 2857 maculam
966 2790 1097 2850 laudatur,
1108 2803 1165 2837 com
1177 2787 1326 2849 Xenagora,

236 2871 292 2918 nina
304 2879 403 2933 noster,
413 2870 457 2934 qui
477 2871 586 2920 ctaasem
602 2885 661 2921 cnm
680 2872 762 2936 impe·
799 2872 832 2920 de
845 2884 896 2935 quo
907 2875 1007 2933 postea,
1018 2881 1033 2916 a
1043 2864 1186 2915 Scholiaste
1199 2863 1287 2926 Apoll.
1299 2861 1327 2910 iu

237 2947 277 2996 rio
288 2955 315 2996 ct
327 2945 402 2996 laude
413 2949 490 3008 rexit,
499 2955 528 2996 ut
539 2947 629 2998 scribit
640 2949 720 3013 ipsius
729 2964 763 3000 ex
800 2936 897 3012 Argon.
910 2959 950 2995 rv.
960 2947 1018 2994 262·
1046 2943 1088 2992 Dc
1099 2955 1131 2991 eo
1143 2939 1202 2990 ride
1213 2938 1327 3002 plussin

237 3036 326 3071 sorore
336 3036 419 3086 nepos
431 3023 531 3072 Plinius
543 3025 619 3086 altar,
642 3025 667 3074 in
680 3027 764 3090 Epist.
800 3024 943 3074 Auctorem
956 3019 1060 3069 Indica.

239 3100 271 3148 ad
299 3099 429 3160 Tacitum,
462 3100 522 3156 huic
546 3105 618 3166 operi
648 3103 764 3166 praelixa.
832 3097 992 3158 ‘Birememl
1010 3093 1067 3143 Nou
1088 3105 1147 3156 qnae
1169 3105 1261 3152 remos,
1281 3091 1327 3140 sed

239 3175 354 3237 [scopam
376 3189 466 3224 navem
489 3176 530 3226 hic
557 3179 684 3240 appellari
707 3194 764 3228 eun
800 3189 857 3240 quse
870 3185 994 3222 renrornrn
1006 3169 1118 3231 ordines,
1129 3183 1174 3216 sen
1192 3181 1279 3216 versus
1290 3167 1329 3216 lsi.

240 3257 330 3312 pntern
349 3265 405 3313 qne
417 3251 518 3301 Grecis
535 3251 638 3316 μονήρης
659 3253 765 3318 dicitnr,
800 3266 847 3301 nos
858 3249 975 3300 liaberet.
993 3247 1060 3296 Vide
1072 3247 1182 3295 Forncr.
1195 3243 1328 3307 Hydrogr.

239 3340 290 3375 trun
319 3341 446 3376 murorum
472 3329 562 3378 ordine
588 3331 765 3389 actuariolum,
801 3328 876 3378 limr.
892 3329 932 3375 td.
950 3337 1010 3388 pag.
1028 3326 1069 3372 so.
1102 3321 1206 3370 Inonem
1225 3321 1328 3368 hisernia

239 3416 285 3450 aas
297 3401 422 3466 Fclosqae,
438 3405 556 3468 quoniam
571 3406 604 3456 de
617 3405 765 3472 biremibus,
802 3417 833 3454 ac
851 3400 961 3452 triremis
973 3406 1089 3448 veterem
1100 3397 1211 3446 sceltins
1223 3394 1330 3444 exhibet

240 3481 561 3547 triremibusquc,aliiaqoe
569 3483 691 3547 deinceps
699 3485 766 3547 ejus·
802 3481 830 3528 iu
849 3474 1003 3542 praelatione
1020 3471 1080 3521 libri
1096 3485 1171 3535 qoem
1189 3467 1330 3533 inscripsit,

240 3557 299 3606 dem
306 3557 406 3619 generis
417 3557 512 3620 egitur.
546 3560 597 3609 Sed
608 3561 710 3612 Jssonls
722 3575 766 3610 na·
805 3559 812 3586 ⁸
825 3556 922 3618 Tiphys
934 3553 1050 3601 Batavus
1058 3547 1074 3597 :¹
1091 3548 1158 3595 unde
1170 3547 1256 3597 disces
1267 3547 1329 3611 qnid

241 3634 302 3691 sim,
313 3649 368 3698 quse
379 3634 541 3697 Argonautas
557 3638 722 3700 expeditione
739 3641 765 3689 tn
801 3633 878 3704 'naria
889 3631 923 3679 sit
933 3642 990 3692 qnve
1008 3623 1123 3688 pluribus
1133 3622 1265 3672 ordinibus
1276 3637 1330 3672 sur·

241 3711 351 3759 Colchos
367 3721 489 3775 sttscapta
515 3715 668 3775 transvexit,
686 3715 765 3768 luisse
806 3721 868 3771 μη
887 3705 992 3755 dicim·
1033 3700 1130 3750 filimi
1151 3711 1269 3749 mmm
1289 3713 1330 3748 fe·

240 3785 351 3851 μονήρη,
363 3801 524 3852 concoquere
535 3791 601 3840 liaed
619 3791 683 3840 satis
698 3807 765 3842 com.
806 3782 918 3848 spondet
931 3780 958 3830 id
977 3777 1079 3828 navium
1091 3789 1172 3840 genus
1183 3775 1251 3840 qnod
1262 3775 1332 3824 Galli

241 3863 319 3912 mode
347 3877 467 3926 possum:
494 3879 638 3930 quanquam
671 3867 765 3924 Parall,
806 3867 901 3912 '⁰⁰⁸¹st
922 3873 966 3908 Μ
987 3855 1141 3917 ΡΜΜ““
1158 3854 1223 3906 0⁰³
1248 3866 1332 3902 ’Μ

242 3937 425 4004 Semiramidis,
446 3947 474 3990 et
495 3941 660 3992 Arentmselu
687 3957 767 3994 naves
806 3930 1258 4002 nmqueqnelaterebinostaberet.
1283 3931 1332 3979 100·

242 4011 311 4064 torte
323 4015 448 4076 ejusmodi
460 4031 516 4066 esse
526 4027 676 4082 potnerunt.
807 4016 894 4082 quitur
904 4013 972 4062 enisa
982 4010 1082 4060 Plinius
1094 4007 1129 4057 de
1144 4007 1239 4070 prima,
1250 4017 1332 4070 eaque
1385 4079 1388 4086 Ι

277 4097 287 4122 ·
302 4091 429 4155 Paratum]
448 4093 606 4156 Pltylsrclrus
618 4095 687 4158 spnd
699 4097 767 4146 Hav-
808 4091 913 4141 rudiore
924 4087 1025 4137 naviam
1037 4083 1217 4142 fabricatione,
1232 4087 1287 4130 tuor
1297 4079 1331 4128 de

244 4179 315 4227 poet.
329 4181 384 4230 pag.
396 4173 454 4218 281.
467 4170 553 4220 Pareli
573 4171 659 4220 lrerois
677 4175 767 4222 merui·
808 4169 871 4218 artis
882 4160 1036 4228 progressu!
1053 4161 1102 4209 Ed.
1112 4173 1157 4208 aar.

244 4240 292 4294 ult.
306 4243 349 4292 τοῦ
364 4242 474 4306 napdtcv
483 4245 565 4310 ἥρωι,
582 4247 625 4312 qui
637 4248 767 4298 triremem
840 4247 851 4280 ⁶
871 4239 1333 4303 llivemcm1Temoremerumvemn
