3148 4884
273 381 359 446 lieu
640 397 672 444 o.
697 391 817 442 rnruu
841 391 1007 443 secunus

274 517 402 606 clavem
417 537 613 604 Theodorus
625 535 786 603 Semins.‘¹
809 535 988 602 Mensores
1004 543 1039 600 et
1050 535 1197 619 pondera
1211 533 1367 598 Phidon‘

275 643 437 725 Argivus:
460 649 517 706 aut
533 635 748 718 Palamedes,
758 646 794 704 ut
805 640 922 704 maluit
934 639 1078 703 Gellius,
1116 635 1228 720 Ignem
1241 657 1259 700 e
1271 637 1368 700 silice

276 743 428 828 Pyrodes
451 743 567 810 cilicis
588 742 701 807 filius:
725 743 867 807 eundem
890 759 1062 806 asservare
1084 741 1119 804 in
1140 735 1267 815 fernle,‘
1288 739 1370 802 Pro·

275 847 438 912 metheus.
872 863 876 874 ¹

318 947 519 1013 Vehiculum
545 967 619 1012 cum
646 953 791 1032 quatuor
820 947 902 1010 rotis
928 945 1097 1031 Phryges:
1136 943 1370 1008 Mereetnres⁸

277 1051 387 1116 Poeui.
431 1049 585 1114 Culturns
608 1052 726 1114 vitium
736 1049 762 1087 ²⁸
785 1055 819 1114 et
841 1051 994 1114 arborum
1025 1042 1239 1130 Eumolpus'³
1266 1043 1371 1107 Athe·

275 1154 408 1218 niensis.
453 1152 578 1216 Vinum
604 1147 708 1234 uquei
737 1151 872 1215 misceri
898 1149 1082 1234 Staphylus
1110 1149 1212 1213 Sileni
1239 1145 1371 1210 lilius²⁹

277 1253 401 1320 Oleum
422 1262 456 1320 et
480 1251 647 1338 trapetasj
675 1253 842 1317 Aristaens
865 1251 1095 1316 Atheniensis.
1140 1249 1235 1313 Idem
1258 1249 1370 1312 melle.

731 1467 917 1488 'mmo

271 1602 389 1661 fornicem
406 1607 492 1663 uren,
509 1603 549 1662 qe.
582 1600 815 1664 ‘legejor'cipem'
832 1599 990 1650 Dulce-28
1009 1599 1133 1647 crumas
1150 1595 1236 1644 citium
1254 1594 1371 1644 chiffl.-

276 1671 309 1716 29
325 1665 487 1730 Silclhifiiiss
498 1665 557 1714 Ver.
570 1664 723 1715 Deice—³⁰
741 1666 831 1727 Briges
847 1665 908 1714 Vet-
926 1665 1019 1714 Delec.
1038 1663 1149 1726 Bytyges
1166 1658 1251 1711 Chilll.
1271 1661 1312 1710 cui
1329 1675 1371 1709 sn·

769 1867 876 1918 NOTAE

276 1982 326 2030 mio
345 1995 400 2029 csse
419 1983 551 2031 inventam
568 1983 659 2032 scribit
671 1983 804 2032 Vitruvius
843 1983 876 2032 de
889 1981 1056 2031 terrestribus
1068 1987 1168 2031 tuntum
1181 1977 1291 2027 incentis
1304 1990 1372 2025 nuuc

278 2070 317 2106 rx.
329 2061 353 2107 2.
372 2073 398 2120 p.
418 2061 472 2107 lto.
484 2056 552 2107 forte
565 2074 610 2122 pro
623 2059 742 2108 Theodoro
758 2059 805 2108 Sn—
843 2059 937 2122 egitur,
950 2058 1108 2122 publicisque
1121 2065 1147 2105 et
1165 2053 1308 2117 longinquis
1324 2067 1373 2115 per

278 2135 334 2184 mir.
516 2157 520 2166 ·
844 2133 969 2196 relrlculu,
980 2133 1012 2182 de
1029 2135 1121 2198 quihus
1141 2131 1258 2197 proxime
1270 2129 1370 2179 dictum

310 2207 473 2260 “Theodorus
500 2209 606 2274 Sumtus]
634 2211 717 2264 Quem
740 2227 806 2276 prec-
844 2211 1068 2271 emmercstnrh.

279 2291 353 2334 teres
373 2285 431 2334 seris
449 2285 562 2351 ferrique
578 2285 705 2338 condendi
718 2301 806 2353 reper·
875 2285 1045 2352 humoque]
1068 2287 1120 2340 Qui
1145 2297 1204 2336 cnm
1230 2281 1373 2334 Threcibus

279 2363 360 2409 torem
372 2359 452 2410 luisse
469 2363 806 2414 sirctorestPeussuicsiu
845 2363 1010 2428 popularibus
1039 2365 1092 2414 suis
1114 2362 1229 2413 Attlcsm
1252 2360 1373 2418 obtinuit,

280 2435 375 2486 Lacon.
397 2445 423 2486 et
442 2435 535 2488 Arcnd.
561 2440 628 2488 Vide
649 2451 749 2490 xxxiv.
766 2445 806 2491 19.
843 2441 972 2490 Strabone
980 2448 1047 2490 teste
1058 2441 1100 2492 lib.
1109 2453 1158 2490 vu.
1168 2453 1227 2502 pag.
1238 2437 1374 2487 sublime

190 2545 192 2550 -
282 2524 351 2560 num.
365 2515 405 2562 22.
845 2515 1009 2566 Atheniensis
1025 2515 1130 2578 dicitur,
1141 2529 1201 2565 com
1217 2513 1301 2563 'l'hrsx
1314 2520 1373 2562 ortu

312 2593 323 2619 ⁰
339 2587 445 2652 Pliten]
462 2589 548 2638 scitor
563 2587 693 2654 d'Apyeios
703 2589 806 2640 Strabo·
844 2591 934 2642 fuerit.

280 2661 438 2713 nilihvur.
454 2667 581 2728 peusis.
597 2665 807 2731 μέτραέειΰρεκιὶ
878 2666 992 2716 ¹Virusm
1018 2665 1092 2730 nque]
1117 2665 1179 2716 Vini
1205 2665 1317 2715 diluendi
1343 2679 1374 2714 sc

279 2737 403 2797 σταθμούς.
438 2739 511 2790 Idem
531 2741 628 2792 hebent
646 2743 807 2794 oxoniensis
845 2741 1375 2807 temperandimodumllscchmedocuir,

279 2825 416 2876 marmore,
435 2830 460 2880 p.
482 2819 536 2866 1⁵7.
570 2817 674 2880 Pollux,
689 2817 806 2868 Herodo-
845 2818 956 2884 indeque
969 2819 1066 2868 iactum
1084 2827 1112 2868 nt
1129 2819 1244 2868 homines
1259 2818 1325 2868 recti
1337 2818 1375 2866 in-

282 2897 335 2947 tus,
346 2889 447 2950 slllque.
845 2895 977 2957 cederent,
988 2895 1031 2959 qul
1044 2895 1114 2958 prins
1126 2895 1197 2944 curri
1210 2893 1242 2944 oh
1255 2895 1317 2942 ureri
1330 2908 1376 2956 po·

311 2961 322 2993 f
336 2963 365 3012 lu
379 2963 473 3028 scroto]
492 2965 596 3016 Bsilice
615 2969 698 3030 ignem
714 2984 805 3020 ericus·
847 2977 915 3019 tum:
934 2970 1001 3020 nude
1013 2977 1040 3020 et
1052 2985 1099 3022 ars
1108 2969 1212 3020 Bscclrn
1222 2969 1376 3034 liceto,’0p-

280 3053 335 3089 sum
347 3040 469 3105 excipere
488 3042 599 3092 scedulis
611 3043 707 3106 susle,
726 3045 807 3108 νάρθη-
845 3049 886 3097 θοῦ
907 3045 1033 3110 Διονύσου,
1052 3055 1159 3112 statute,
1179 3049 1200 3098 si
1218 3047 1375 3097 Philochoro

279 3135 329 3183 ser,
340 3119 481 3169 exsiccate.
510 3119 604 3170 Fernlu
615 3121 678 3186 quid
689 3121 723 3172 sit
736 3123 806 3173 diee-
846 3121 983 3179 eredimus,
995 3123 1064 3186 spud
1083 3122 1208 3174 Atheni.
1220 3136 1252 3172 rr.
1264 3137 1323 3188 pag.
1334 3127 1377 3172 36.

280 3209 335 3245 mus
355 3195 380 3244 in
401 3209 481 3259 opere
497 3193 529 3244 de
545 3195 641 3254 herhis,
661 3207 688 3248 et
706 3197 807 3252 frutici·
846 3199 998 3263 Staphylnm
1006 3199 1301 3263 scriptoremsuctorest
1309 3197 1376 3247 idem

281 3269 340 3320 lius.
846 3275 985 3324 Atlrenaeos
1003 3289 1062 3338 psg.
1074 3279 1116 3323 45.
1134 3275 1217 3324 literis
1232 3273 1377 3335 mendasse,

312 3353 325 3390 t
353 3345 513 3412 dierectum]
547 3337 807 3413 Qne'nnvtgauone
847 3349 899 3399 sini
920 3351 1035 3400 diluendi
1055 3351 1157 3400 modum
1178 3349 1377 3414 slilelsmpnde

279 3419 383 3471 fierent.
421 3420 522 3486 Alioqui
543 3437 629 3473 emere
649 3427 758 3489 precise
777 3442 808 3477 ec
847 3425 1150 3489 primoiureutumesse.
1183 3425 1376 3490 'lheopompnm

280 3497 392 3546 vendere
415 3496 493 3546 Liber
515 3497 597 3548 Pater
615 3497 689 3549 initio
711 3501 805 3564 cepitis
848 3515 908 3550 vern
919 3501 1064 3564 scripsisse,
1072 3501 1171 3552 Midum
1180 3501 1311 3566 Phrygem
1320 3499 1377 3550 fou·

280 3573 353 3635 hujus
369 3573 509 3624 instituisse
525 3575 628 3625 dicitur.
661 3575 808 3640 Dionysius,
847 3583 899 3627 tem
921 3577 1027 3628 diluisse
1047 3579 1117 3642 vlno,
1136 3593 1195 3628 cunr
1216 3579 1331 3628 Silenum
1350 3592 1377 3626 e·

281 3645 313 3696 de
337 3647 440 3696 Poenis:
460 3651 551 3712 Πρῦτοι
571 3651 592 3698 δ’
609 3649 719 3716 ipsoplqs
734 3651 808 3703 dmir-
847 3651 1133 3716 brinmcnpererellet.
1149 3653 1301 3718 Stsphylum
1312 3653 1376 3703 Dio-

281 3720 331 3771 slos
348 3721 487 3781 δμνήσαντο.
521 3725 671 3777 Misenensi
685 3729 758 3790 primi
772 3731 808 3778 is·
846 3731 901 3792 nysi
915 3730 945 3778 ll.
956 3727 1019 3779 facit
1028 3728 1201 3792 Apollodotus
1210 3729 1243 3778 de
1254 3731 1322 3790 Diis,
1330 3729 1376 3780 lib.

273 3797 327 3861 fido
338 3798 473 3846 commercio
485 3799 570 3848 Ponto.
595 3801 752 3865 Pomponius
762 3804 807 3853 Ss-
846 3817 865 3853 r.
887 3819 945 3868 psg.
968 3808 1008 3853 tis.
1040 3805 1141 3860 Thesei,
1161 3805 1318 3854 Plutarchus
1349 3805 1377 3853 in

281 3875 355 3924 binus
367 3875 393 3922 ln
405 3873 505 3924 AEneid.
517 3889 536 3924 ι.
552 3883 558 3904 ‘
571 3877 708 3928 Phoenices
720 3879 809 3929 condi·
844 3877 953 3942 Theseo,
965 3893 1024 3944 paq.
1033 3883 1059 3929 9.
1091 3879 1121 3928 ln
1134 3885 1207 3930 tento
1217 3879 1377 3930 dissensione

282 3952 343 4000 dere
354 3951 449 4013 'l'yrum
462 3951 488 3999 in
500 3953 807 4020 msti,proptermerces,
846 3955 1005 4018 opinionum,
1026 3955 1088 4021 quid
1111 3961 1183 4006 certo
1205 3969 1307 4022 sequar,
1324 3970 1376 4006 non

281 4027 355 4090 primi
369 4025 511 4075 mortsllurn
530 4029 704 4090 negotiatores
716 4031 741 4078 iu
753 4044 805 4080 me·
845 4029 937 4080 habeo.

281 4103 336 4152 rins
358 4099 432 4150 cles?
466 4100 508 4151 lts
529 4099 584 4152 iere
606 4101 750 4154 Schellerns
772 4105 806 4155 de
876 4103 885 4147 l
903 4105 936 4154 Et
952 4105 1070 4170 trapetas]
1087 4106 1170 4155 Vsrro
1185 4105 1219 4156 de
1230 4105 1305 4171 Ling.
1319 4109 1375 4157 Lst.

281 4179 378 4228 Militis
392 4178 458 4228 Nos.
474 4191 492 4227 s.
504 4193 530 4241 p.
543 4183 582 4228 1⁰.
615 4179 668 4228 Sed
680 4181 739 4246 sim,
750 4181 806 4245 opi·
845 4179 889 4229 lib.
903 4194 940 4231 ιν.
952 4195 1011 4245 psg.
1022 4185 1063 4231 sl.
1085 4183 1229 4245 ‘'l'rspetes
1250 4192 1376 4232 vocentur

280 4267 338 4317 nor,
350 4251 425 4304 eilert
443 4253 551 4304 srstioni
572 4255 707 4312 Pliniaoe,
719 4256 744 4306 in
756 4271 806 4322 qus
846 4257 920 4306 mole
937 4258 1051 4320 olcsrire,
1068 4272 1083 4307 s
1101 4257 1218 4314 terendo,
1230 4259 1279 4308 uisi
1300 4260 1375 4309 6η-
