3146 4870
548 351 998 416 sternumenta.
1194 299 1199 320 ι
1235 353 1322 422 1283

227 513 351 598 quibus
372 509 565 594 prodigiosa
586 509 700 593 ulique
723 517 759 574 et
781 510 989 576 incredibilia
1012 513 1124 578 multis
1149 513 1255 578 visum
1281 515 1322 579 iri

227 615 319 680 baud
334 613 465 678 dubito.
510 611 598 690 Quis
623 611 713 676 onim
737 611 930 695 AEtbiopas,
958 620 1138 698 antequam
1167 619 1322 695 cerneret,

228 715 392 784 crediditl
414 721 474 780 ant
499 712 622 798 quid²⁰
645 731 709 777 non
734 713 896 778 miraculo
925 720 986 791 est,
1015 734 1089 780 curn
1118 717 1260 800 primum
1286 719 1322 782 in

228 817 384 882 notitiam
407 817 518 882 venit'l
563 813 676 893 Quam
689 814 796 878 multu
817 813 888 878 lieri
909 833 977 880 uon
998 835 1111 900 posse,
1128 818 1321 901 priusquam

229 917 294 982 sint
306 916 398 982 sacta
408 915 632 999 judicantur?
656 915 796 980 Naturae
809 935 890 980 vero
906 936 1013 982 rerum
1025 918 1078 982 vis
1093 927 1189 1001 atque
1199 919 1322 1002 majes-

229 1027 285 1083 tas
305 1019 339 1082 in
366 1019 522 1082 omnibns
543 1016 718 1081 momentis
735 1015 801 1080 tide
817 1023 926 1082 caret:
948 1018 979 1082 si
1004 1021 1080 1101 quis
1094 1019 1196 1084 modo
1210 1026 1321 1104 partes

228 1121 303 1204 ejus
318 1139 360 1185 ac
374 1139 441 1186 noo
455 1125 561 1184 totam
585 1119 827 1202 complectatur
841 1120 961 1185 animo.
1007 1121 1062 1185 Ne
1079 1139 1238 1204 pavones,
1262 1127 1322 1186 aot

230 1223 374 1308 tigrium,
389 1221 687 1306 pantherarumque
701 1220 865 1297 maculas,
880 1229 913 1286 et
934 1227 982 1286 tot
1003 1224 1195 1288 animalium
1213 1225 1322 1306 pictu-

227 1343 285 1390 ras
307 1343 575 1401 commemorem,
598 1342 736 1407 parvum
759 1323 863 1402 dictu,
880 1325 939 1390 sed
964 1326 1160 1391 immensum
1176 1329 1323 1392 estime-

227 1427 331 1504 tiooe,
359 1432 408 1492 tot
434 1429 579 1508 gentium
602 1445 780 1504 sormones,
804 1433 856 1491 tot
883 1428 1020 1510 tingue,
1043 1433 1137 1492 tanta
1165 1428 1322 1512 loquendi

227 1530 382 1607 varietas,
406 1535 440 1592 ut
465 1534 622 1594 externos
646 1528 758 1594 alieno
783 1549 878 1614 paene
901 1549 969 1596 non
998 1530 1210 1594 sithominis
1234 1531 1322 1596 vioe.

228 1629 308 1696 Jum
322 1632 356 1694 in
379 1630 467 1694 facie
487 1630 647 1714 vultuque
668 1639 794 1710 nostro,
810 1652 886 1696 cum
910 1633 978 1696 sint
998 1632 1126 1708 decem,
1141 1637 1198 1695 eut
1219 1632 1321 1714 paulo

229 1733 327 1816 plura
341 1731 622 1810 membranulas
641 1730 727 1796 duas
747 1731 781 1796 in
797 1737 849 1796 tot
870 1733 1019 1798 millibus
1037 1732 1205 1796 bominum
1221 1731 1323 1796 indis-

228 1840 340 1898 cretas
362 1831 486 1914 effigies
501 1833 646 1898 existere
659 1851 669 1896 r
689 1831 780 1915 quod
796 1853 851 1898 ars
864 1833 957 1898 nulla
968 1833 1002 1898 in
1018 1833 1136 1917 paucis
1148 1839 1173 1871 ²¹
1186 1851 1322 1898 numero

228 1940 369 2020 praestet
391 1933 589 2000 affectando.
633 1933 708 1999 Nec
738 1941 847 1998 tamen
872 1953 935 2018 ego
961 1934 996 1998 in
1019 1935 1185 2018 plerisque
1210 1953 1323 1998 eornm

229 2037 453 2118 obstringam‘
478 2036 577 2100 tidem
601 2055 721 2113 meam,
736 2037 917 2120 potiusque
931 2036 975 2101 ad
991 2043 1145 2101 auctores
1157 2035 1323 2117 relegabo,

229 2139 290 2220 qui
312 2137 450 2202 dubiis¹¹
473 2137 650 2202 reddentur
659 2143 698 2174 ²²¹
714 2138 890 2201 omnibus:
921 2137 1022 2202 modo
1046 2156 1089 2200 ne
1103 2136 1163 2200 ⁴sit
1184 2135 1323 2200 fastidio

229 2239 370 2305 Grtecos
409 2240 516 2325 sequi,
546 2245 639 2304 tanto
666 2238 792 2323 majore
821 2258 935 2302 eorum
961 2238 1133 2321 diligentia
1160 2239 1213 2302 vel
1241 2256 1324 2302 cura
1392 2293 1394 2298 ,

229 2343 419 2406 vetustiore.

275 2459 318 2507 ιι.
339 2440 416 2528 (ιι.)
460 2443 545 2508 Esse
559 2441 759 2527 Scytharum
775 2459 907 2523 genera,
924 2445 957 2506 et
971 2439 1107 2522 quidem
1123 2439 1230 2522 plura,
1246 2459 1323 2524 quea

230 2547 423 2630 corporibus
453 2546 608 2609 humanis
634 2549 855 2618 vescerentur,
880 2541 1130 2605 indicavimus·
1173 2539 1323 2624 ldipsurn

230 2646 424 2711 incredibile
450 2646 603 2723 fortusse,
618 2645 653 2708 ni
675 2644 857 2726 cogitemus
873 2643 907 2706 in
928 2641 1039 2706 modio
1059 2643 1139 2706 orbe
1154 2648 1324 2720 terrarum,

231 2767 273 2814 ao
289 2745 433 2812 Siciliab
457 2753 491 2810 et
508 2747 631 2812 ltalia¹
658 2743 764 2810 luisse
779 2751 894 2827 gentes
911 2743 1011 2827 bajus
1033 2745 1185 2820 monstri,
1200 2741 1324 2828 Cyclo·

232 2869 294 2932 pas
317 2855 350 2914 et
373 2849 622 2931 Locstrygonas,
646 2853 680 2912 et
704 2846 889 2930 nuperrime
917 2853 1008 2910 trans
1023 2843 1130 2928 Alpes
1155 2844 1324 2911 bominem

687 3039 869 3063 'mn

231 3202 258 3246 et
270 3193 330 3244 edd.
342 3197 473 3242 cette-2⁰
490 3189 573 3240 Codd.
585 3196 612 3239 ct
622 3189 683 3239 Ver.
694 3189 785 3239 Dulce.
795 3195 837 3237 nat
847 3189 893 3238 cni.
925 3189 999 3248 Mor,
1015 3203 1061 3238 sorr
1076 3187 1187 3237 nimio
1199 3185 1252 3247 fnit
1263 3185 1324 3237 Vet.

230 3260 385 3308 Deire-tlt
404 3257 497 3320 Margo
508 3255 570 3305 edd.
582 3254 675 3304 Dulce.
686 3261 714 3304 et
725 3253 839 3303 Gronov.
847 3256 1046 3316 numm-na
1062 3253 1123 3303 Vct.
1134 3253 1226 3303 Dulce.
1242 3251 1283 3315 qul
1296 3252 1325 3301 de

230 3325 309 3373 datur
319 3326 439 3382 rosmar-

263 3387 330 3436 Cne.
342 3401 374 3436 rr.
393 3389 406 3435 1
424 3383 535 3433 ‘Verba
545 3385 611 3445 bec,
627 3397 656 3433 aa
671 3381 757 3433 Steti·
770 3387 794 3432 et
806 3381 889 3444 ltalia,
906 3379 998 3430 derant
1014 3379 1040 3430 ln
1058 3381 1142 3430 Tolet.
1154 3380 1178 3428 in
1199 3376 1284 3428 chiffl.
1300 3383 1325 3428 et

232 3452 306 3502 ltalia
318 3449 435 3502 tanturm·
454 3449 541 3498 Dslec.
575 3449 649 3510 Mor,
658 3447 820 3510 Lcctdgorrnr
831 3445 943 3496 Gronov.
956 3452 983 3494 et
995 3444 1028 3494 cl.
1047 3451 1108 3494 ante
1122 3443 1325 3494 lindoinum.-

722 3607 834 3660 NOTAE

262 3723 459 3788 totamm]
483 3725 528 3774 lta
550 3723 634 3774 Paris.
655 3723 712 3774 cod.
732 3729 760 3773 et
799 3721 870 3771 terit.
903 3719 984 3770 Stein
998 3716 1157 3769 pretatione
1171 3717 1203 3767 sd
1216 3717 1325 3782 Vesper.

230 3803 290 3852 libri
304 3801 412 3866 vulgati.
446 3799 483 3850 At
501 3800 566 3864 Reg.
580 3802 639 3849 m.
657 3798 759 3848 obstrin
799 3798 808 3825 ‘
819 3797 884 3848 Qum
905 3795 957 3846 sula
976 3795 1040 3846 locis
1059 3795 1165 3845 reddam
1174 3794 1191 3842 ι’
1215 3800 1243 3844 et
1262 3793 1326 3844 alin

229 3895 286 3942 gum
295 3879 372 3944 fidem
390 3878 464 3926 rudo.
497 3875 591 3924 Mulier
611 3875 759 3936 llbennonr,
798 3887 878 3938 repe.

231 3955 367 4006 obstrictam
375 3951 501 4018 fidendo.
830 3956 842 3984 ⁸
858 3947 1029 4012 ludicram]
1048 3945 1104 3996 le.
1115 3959 1151 3997 rr.
1170 3959 1227 4008 cop.
1239 3947 1280 3993 2⁶.
1297 3949 1325 3992 et

192 4040 194 4044 ’
265 4029 388 4094 Ψώῆι]
401 4028 526 4092 Reddam,
538 4025 632 4092 inquit,
643 4025 759 4090 arrigna-
799 4037 839 4074 vr.
849 4027 892 4074 ιο.

232 4107 317 4172 boque
338 4113 458 4155 suctores
480 4103 556 4153 rebor
574 4101 612 4151 bis
631 4101 759 4164 omnibus,
831 4096 994 4162 tramitte]
1005 4095 1072 4147 Vide
1084 4095 1166 4147 Noton
1178 4101 1206 4144 et
1216 4091 1325 4144 Emend.

232 4183 266 4235 de
284 4197 390 4250 quarum
407 4179 458 4232 tide
476 4177 589 4230 dubitari
606 4177 699 4228 merito
715 4191 759 4242 po·
799 4176 903 4223 namt.
