3146 4870
245 325 331 390 letti
710 340 759 386 nn
783 332 870 387 stru

244 491 328 554 potior
339 488 475 541 haereditat
486 487 618 537 destinata
625 488 685 550 jure
693 485 754 536 fnit.
777 489 896 552 lienique
910 485 994 538 Jacob
1005 485 1082 538 fratri
1094 488 1163 537 Eran
1173 487 1229 536 aire
1238 486 1337 538 Edorno

244 572 366 635 prelatus
376 570 409 618 eb
421 571 531 632 ipsomet
543 566 633 618 laaaeo
644 565 703 626 fuit,
714 567 802 617 diuino
814 568 922 618 monitu.

276 651 369 711 ltaque
387 656 415 697 ut
433 649 472 696 roi
491 648 593 711 genecio
611 647 770 698 nobilitatem
787 647 913 698 lrreiilite
925 646 1067 712 ducerent,
1079 661 1134 711 prre
1146 646 1337 711 circumpositio

243 731 376 794 gentibue,
385 731 556 793 melioresque
568 743 597 778 re
613 742 679 791 erae,
689 743 764 796 quem
776 737 862 778 errent
871 728 980 792 droguli,
990 737 1017 777 et
1027 729 1171 792 AEthioper,
1181 736 1209 778 et
1221 728 1338 778 Primiti-

244 813 281 874 ui‚
291 811 413 860 Moabitae
427 819 455 860 et
467 809 630 869 dromonum,
642 809 781 858 Irurrelitaa
792 817 821 860 et
837 809 961 870 Idumen
977 810 1157 874 potioremque
1169 807 1267 858 idcirco
1279 823 1338 872 par·

246 900 297 940 teor
311 891 469 942 hereditatio
480 890 637 952 resignatam
647 889 685 939 eia
696 905 712 938 e
722 890 781 940 Deo
791 887 870 938 soleae
880 905 888 950 ς
904 889 1002 953 reripto
1012 893 1054 938 ert
1064 904 1079 936 a
1095 889 1169 938 More
1179 895 1232 938 tum
1244 903 1339 952 genea-

245 972 312 1036 logia
324 979 487 1035 porterornm
499 969 567 1031 Noli,
583 977 636 1018 tum
655 970 816 1019 narrationee
832 969 866 1018 de
887 968 1072 1018 inverecundia
1083 968 1182 1026 Chnmi.
1194 967 1226 1018 de
1238 968 1338 1019 incerto

244 1051 316 1114 Loti,
326 1052 359 1101 de
371 1051 443 1114 Agar
454 1051 557 1110 ancille,
568 1049 601 1098 de
612 1049 706 1100 iacobi
719 1050 869 1112 prelatione
883 1063 936 1112 prae
945 1051 1012 1098 Eran
1021 1051 1076 1098 eive
1088 1049 1202 1112 Edem·
1213 1063 1264 1112 qrro
1276 1049 1338 1098 ido·

245 1131 319 1181 mei:
338 1131 462 1196 quicquid
473 1131 575 1180 demum
588 1130 653 1180 libro
665 1130 797 1180 Generena
808 1127 865 1178 fere
878 1129 1036 1188 continetur.
1047 1129 1172 1192 ocriptorn
1184 1143 1216 1178 eo
1225 1128 1277 1178 tine
1288 1137 1338 1179 ert.

245 1211 285 1261 Ex
296 1226 347 1274 quo
359 1213 436 1260 etiem
448 1211 533 1260 obiter
542 1211 686 1274 intelligere
700 1218 748 1268 ert,
757 1211 862 1260 Semum
870 1209 957 1272 reipsa
967 1210 1164 1272 primogenitum
1175 1209 1231 1258 Noe
1242 1208 1337 1262 solarer

245 1293 313 1348 nude
326 1293 407 1355 primo
418 1305 521 1354 semper
533 1291 590 1340 loco
600 1292 669 1340 iuter
685 1290 743 1341 No'e'
755 1290 849 1340 liberor
859 1291 1016 1354 appellatur,
1027 1289 1071 1354 qui
1090 1298 1159 1350 anut,
1169 1291 1238 1350 Sem,
1249 1289 1338 1348 Citam,

245 1379 273 1422 et
284 1371 380 1435 sepner
392 1388 400 1431 ;
419 1385 449 1420 ec
463 1369 570 1434 proinde
582 1380 653 1420 recte
664 1378 692 1420 et
703 1385 735 1419 ex
752 1371 789 1420 rei
807 1371 919 1420 veritato
936 1369 1043 1419 vertiere
1055 1370 1194 1433 Vulgarum
1207 1369 1338 1433 Interpre-

245 1460 308 1513 tem,
319 1452 387 1502 Gen.
400 1465 428 1500 x.
439 1455 479 1500 nt.
498 1458 505 1479 ¹
518 1451 560 1500 lle
571 1453 631 1501 Senr
641 1481 649 1500 .
658 1485 682 1500 ..
693 1449 788 1500 ‚fratre
799 1449 898 1513 Japlret
917 1450 1015 1512 majore
1025 1448 1042 1498 ι’
1058 1449 1123 1498 lund
1137 1463 1197 1499 rere
1213 1455 1300 1499 cratem
1312 1451 1338 1498 iu

246 1531 342 1583 Graeoo
354 1533 392 1580 aie
400 1532 460 1594 legi,
470 1531 569 1592 dirupi?
579 1529 658 1593 ’ripe
668 1533 712 1580 roi
720 1530 836 1594 potiores.
870 1531 937 1580 Nam
948 1530 1054 1593 dapheti
1066 1531 1099 1578 ab
1117 1536 1197 1580 etate
1208 1544 1337 1580 commen-

246 1612 325 1660 dandi
337 1613 438 1670 ompino
448 1612 490 1660 hic
503 1613 575 1662 locor
587 1626 637 1660 nou
649 1611 718 1661 init:
736 1626 794 1662 oum
808 1613 878 1660 locun
890 1611 931 1660 irie
941 1625 998 1674 quae
1010 1610 1132 1662 dicuntur
1142 1610 1228 1660 omnia
1243 1609 1276 1658 nd
1284 1602 1338 1659 'Se-

245 1692 281 1741 mi
293 1692 394 1742 laudem
406 1707 438 1741 ea
450 1690 542 1742 referri
555 1693 677 1754 postulet.
710 1693 773 1740 Erat
783 1698 869 1740 autem
883 1705 959 1740 canoa
971 1691 1065 1754 gravia,
1076 1698 1103 1740 et
1115 1690 1217 1755 qnidern
1229 1691 1341 1755 gemine,

246 1787 293 1822 our
302 1773 362 1822 Sern
374 1781 435 1822 natu
446 1772 572 1822 maximae
583 1771 662 1822 suinae
672 1771 780 1822 liliorum
794 1771 851 1822 Noe
862 1771 904 1820 hic
914 1771 1055 1821 diceretur.

247 1897 251 1906 .
280 1853 396 1902 Primum
407 1853 520 1918 quidem,
536 1853 604 1916 quod
624 1853 656 1902 ed
669 1853 738 1902 Semi
752 1851 1013 1914 commendationem,
1024 1859 1048 1902 et
1057 1852 1102 1915 joa
1115 1851 1342 1916 primogenitorum

247 1932 383 1996 Iornititlr,
394 1949 467 1998 eque
486 1949 517 1982 ac
529 1932 645 1982 omuibus
656 1932 716 1983 fitttr
728 1933 828 1996 liciter,
838 1947 871 1982 ea
885 1947 935 1996 quo
947 1931 1074 1982 Irra'e'litoe
1086 1932 1244 1998 prodierant,
1256 1933 1339 1983 rindi·

248 2013 365 2068 crudnm.
377 2021 440 2062 etat
451 2013 518 2062 Semi
532 2013 684 2076 pertineret.
713 2014 777 2064 Quae
790 2021 920 2063 causaest
932 2026 978 2062 our
989 2013 1062 2061 rimui
1074 2009 1183 2076 utraque
1193 2013 1262 2062 Serui
1275 2027 1340 2077 prae·

247 2093 365 2156 rogatira
376 2101 599 2149 commemoretur,
616 2093 734 2158 quoniam
753 2094 834 2144 nitere
850 2094 989 2156 conjuncta
1004 2107 1170 2158 connexaque
1181 2107 1239 2142 en·
1257 2093 1340 2141 altera

247 2181 296 2222 eat.
328 2174 432 2224 Dicitur
452 2182 539 2224 nutem
556 2175 650 2236 ‘peter
667 2174 779 2224 omnium
796 2174 905 2223 tiliorum
923 2173 1031 2230 uehar:
1047 2189 1079 2224 ao
1090 2172 1287 2237 proinde-etiem
1299 2172 1339 2222 la·

246 2252 406 2315 raetiarum,
426 2253 543 2318 idemque
562 2262 700 2317 propterea
722 2261 797 2318 pater
818 2255 928 2304 omnium
950 2255 1188 2318 primogenitorum,
1217 2253 1339 2318 qnoniam

247 2331 360 2382 ‘irater'
376 2341 446 2382 erret
468 2332 588 2397 ‘Japlreti
608 2333 709 2396 major.'
743 2335 836 2384 Dicere
854 2337 921 2384 enirn
936 2326 995 2384 Sem
1015 2335 1143 2398 ‘petrem’
1160 2333 1339 2384 eereomoiour

246 2413 370 2462 'liliorum
382 2412 489 2474 Heber,'
505 2421 533 2462 et
548 2412 673 2462 ‘fratrem
681 2414 789 2478 Japlreti
801 2413 939 2477 majorem‚’
952 2415 999 2463 hoo
1010 2413 1059 2462 init
1069 2414 1167 2468 dicere,
1179 2419 1206 2462 et
1216 2413 1275 2462 Sem
1288 2413 1340 2476 pri·

247 2493 405 2556 umgenitum
416 2491 525 2542 filiorum
540 2493 597 2543 Noe
613 2492 700 2558 iniere,
712 2503 740 2544 et
751 2499 833 2559 iprum
845 2495 905 2557 jura
917 2494 1079 2558 primogeniti
1096 2493 1200 2543 deditae
1215 2492 1274 2540 filiir
1286 2492 1339 2542 He·

249 2573 304 2636 ber,
316 2589 371 2637 qun
382 2571 463 2622 Arror
481 2581 508 2622 et
520 2573 601 2622 AEiam
613 2574 672 2624 tillia
684 2576 744 2637 auin,
757 2585 819 2624 natu
830 2575 978 2638 majoribur,
989 2589 1063 2639 quam
1077 2572 1278 2637 Arphexad,qui
1289 2571 1340 2620 t'uit

247 2667 309 2704 arna
328 2653 437 2714 Heben,
456 2668 485 2702 ac
503 2668 556 2718 prm
574 2669 661 2704 eorum
677 2655 805 2718 porterit:
822 2654 1035 2718 quemadmodum
1049 2655 1129 2704 multo
1148 2659 1237 2717 poelea
1255 2651 1340 2704 Jacob

243 2733 306 2795 jura
317 2734 479 2798 primogeniti
492 2748 507 2782 n
518 2735 609 2784 Rubeu
619 2735 767 2796 ceterisque
780 2735 910 2784 transtulit
922 2735 947 2782 io
960 2733 1026 2783 iiiior
1036 2733 1144 2797 Joreplr.
1178 2733 1280 2784 Idcirco
1295 2747 1340 2782 au·

248 2821 300 2861 tero
312 2827 342 2862 ea
360 2814 386 2862 in
407 2813 536 2862 Hebermn
544 2814 606 2876 jure
617 2813 781 2878 primogeniti
792 2815 851 2864 Sem
864 2829 975 2877 proarur
989 2815 1131 2876 transtulit,
1142 2813 1209 2875 ottod
1223 2812 1302 2862 Assur
1312 2819 1341 2862 et

248 2893 340 2953 AElom,
352 2893 477 2942 derelicto
485 2894 538 2941 reri
551 2893 669 2942 Numidia
680 2895 761 2950 culto,
773 2897 805 2942 ad
817 2893 885 2942 idola
896 2891 1056 2943 deiecerant.

280 2973 374 3023 Similir
383 2971 460 3022 canen
472 2970 530 3030 suit,
540 2973 707 3037 qnanrobronr
719 2989 734 3021 a
746 2974 805 3022 Deo
817 2974 940 3036 prolator
953 2971 1032 3022 suerit
1044 2973 1215 3035 ebretramno,
1228 2989 1277 3024 nou
1290 2975 1339 3024 no·

249 3061 276 3104 to
288 3053 474 3115 tantummodo,
484 3053 528 3115 qui
540 3051 590 3100 fuit
600 3051 689 3104 Arami
700 3052 865 3115 primogeniti
876 3053 959 3101 There
971 3052 1049 3114 iilius,
1065 3053 1111 3102 aed
1123 3063 1152 3103 et
1165 3054 1285 3116 Nachorl,
1296 3054 1340 3118 qui

247 3131 297 3182 t'nit
307 3133 386 3182 etlanr
398 3131 455 3194 ipae
469 3132 552 3194 major
563 3147 594 3182 eo
606 3140 678 3194 netu,
689 3133 787 3196 qnippe
798 3129 933 3182 t'oecnndur
951 3131 1060 3182 liliorum
1070 3133 1163 3183 There.
1197 3135 1259 3182 Erat
1270 3133 1338 3184 eu'im

248 3212 327 3262 tertio
349 3211 461 3274 genitor,
481 3211 683 3277 noriaairnnrqoe
705 3211 811 3262 Abram.
846 3213 942 3262 Verum
965 3212 1099 3263 educente*
1115 3215 1198 3263 There
1217 3211 1339 3264 inutiliora

248 3303 319 3340 auom
331 3290 364 3338 de
376 3292 414 3341 Ur
426 3291 614 3354 chaldeorum,
630 3299 658 3342 et
672 3293 705 3342 de
717 3292 846 3342 conrortio
858 3292 1061 3356 idololatrarum,
1075 3294 1195 3357 neglecto
1215 3302 1288 3357 patro
1304 3292 1339 3342 ibi

249 3371 354 3432 Naoiror
363 3369 469 3430 reetitit,
480 3379 506 3420 et
517 3373 586 3421 idola
597 3372 686 3422 coluit.
715 3373 784 3422 Nam
795 3371 821 3421 id
834 3370 969 3422 maniterte
982 3373 1114 3435 colligitur
1126 3387 1159 3421 ex
1171 3373 1239 3424 Gen.
1251 3386 1290 3424 xr.
1299 3377 1341 3424 ³1.

247 3457 275 3500 et
285 3463 355 3500 xxti.
366 3455 407 3500 2⁰.
442 3452 588 3514 Propterea
600 3453 703 3504 Naohor
716 3453 880 3516 primogeniti
893 3452 954 3515 jure
966 3452 1065 3501 excidit
1076 3467 1134 3502 cnm
1147 3453 1236 3504 liberio
1255 3461 1341 3517 porte·
1411 3467 1417 3474 ·

248 3532 342 3596 cloquio,
351 3531 489 3595 dejiciente
498 3547 556 3581 eum
566 3540 640 3596 patre
647 3532 680 3581 de
688 3531 770 3595 gredo
781 3530 814 3580 ob
823 3530 994 3580 idololatriam
1004 3547 1011 3580 r
1025 3532 1228 3596 tranrlatnmqne
1237 3531 1338 3582 demum

243 3610 289 3670 jur
305 3611 368 3660 iilud
384 3619 425 3661 eet
435 3611 461 3660 io
473 3611 655 3676 nocturnum,
672 3618 730 3674 port
747 3611 872 3662 incestum
886 3611 953 3660 Loti-
986 3609 1056 3660 Hine
1072 3625 1100 3661 ae
1113 3611 1338 3675 primogenitorum
1436 3637 1445 3646 ·

244 3691 306 3753 jure
314 3705 391 3752 supro
400 3697 503 3740 ceterae
511 3699 602 3754 genter
610 3691 724 3754 gaudere
734 3691 862 3742 Israelita*
872 3690 1338 3754 91111ᾶείρηάἰοιὺιυῑμῑοιιινιιι.

130 3796 133 3803 ·
242 3773 289 3818 et.
306 3771 414 3818 ‘Semen
426 3769 538 3820 Abraue
551 3786 648 3831 ramur,
659 3779 686 3822 et
697 3772 794 3820 nemini
805 3771 957 3820 aerrivimur
969 3768 1097 3835 nuquam!

280 3849 371 3898 Altera
382 3863 460 3898 caure
472 3847 531 3912 fuit,
542 3851 658 3902 cursem
670 3851 803 3900 diceretur
814 3859 875 3900 natu
886 3852 968 3914 major
979 3864 1037 3899 erre
1049 3863 1124 3914 qnam
1134 3849 1259 3913 Japlreth,
1270 3849 1339 3914 qnod

247 3929 335 3978 mirari
357 3929 473 3992 legenter
492 3937 607 3994 poterut,
624 3931 787 3995 qrraroolrrem
806 3931 893 3994 eapite
912 3943 940 3980 x.
956 3944 1014 3980 cum
1030 3929 1209 3993 generationes
1230 3928 1339 3980 liliorum

245 4009 308 4066 Noe
320 4009 408 4058 Moser
420 4017 563 4073 enumerat,
577 4025 592 4059 a
608 4009 721 4074 iapheth
738 4011 857 4074 incipiat,
874 4011 934 4060 Sem
952 4009 1075 4073 conjiciat
1090 4010 1116 4058 in
1135 4017 1289 4073 portremnru
1302 4011 1338 4060 lo·

248 4105 307 4140 curn
319 4107 327 4140 ι
344 4088 394 4140 oiri
405 4098 523 4142 moueret
540 4091 599 4142 Sem
611 4091 774 4142 nihilominus
786 4105 844 4142 erre
860 4090 1070 4154 primogenitum,
1080 4097 1142 4140 oatn
1153 4090 1276 4154 majorem
1292 4092 1339 4143 Ja-
