3148 4880
259 349 346 416 1482
584 366 844 416 nunrenltrun
872 365 1032 416 nuouun

260 524 326 572 tura.
339 530 395 579 quas
407 516 478 578 genti
495 529 547 566 snas
567 515 678 566 inissent
693 518 753 568 olins
772 517 966 566 infensissima:
989 515 1149 578 haberetque
1161 513 1210 563 sibi
1222 513 1352 580 subjectos

260 611 293 644 aa
306 605 415 660 utraque
426 611 457 646 ea
468 604 545 659 geute
563 598 684 658 colonos;
701 611 794 662 nempe
810 598 975 662 Babylonios,
993 597 1165 660 cuthaeosqne
1185 611 1220 644 ex
1237 596 1354 658 Assyria.

260 675 319 725 Hoc
333 691 392 726 sero
407 677 470 726 illud
483 677 566 740 ipsum
578 685 628 740 eet,
646 684 732 727 nostra
749 677 852 741 quidem
868 678 1007 740 sententia,
1022 675 1090 741 qnod
1110 677 1232 725 harumce
1244 677 1355 726 sistorum

261 756 438 806 numismatum
453 759 581 820 posterius
593 758 709 807 exhibet.
743 759 787 807 Sic
805 759 848 806 illc
861 758 1015 820 triumphum
1033 757 1127 819 egebat
1139 757 1170 805 de
1183 757 1279 818 linguis
1290 757 1356 806 doa-

261 835 308 885 lsus
324 851 357 885 ers
376 837 456 886 tribus
478 839 538 894 illia,
557 853 620 902 ossas
639 838 763 887 hactenns
783 839 829 887 sihi
850 838 1028 887 infestissimas
1047 837 1135 888 Jadtei
1154 844 1231 886 erant
1242 837 1356 900 experti.

264 917 330 966 Nom
342 919 424 979 lingua
434 921 507 967 tertio
518 920 604 980 lingna
616 919 670 966 sire
683 933 746 981 gens
759 919 908 968 Graecorum
920 917 979 974 snit,
1000 925 1029 967 ut
1040 919 1067 967 in
1080 918 1279 966 Commentariis
1291 931 1355 967 non·

264 997 323 1046 ditm
338 999 418 1061 prselo
429 999 505 1048 editis
518 999 549 1047 ad
562 1013 620 1062 cap.
634 1011 738 1048 xxvrtr.
756 999 934 1048 Ecclesiastici
946 999 1064 1047 diximus.

294 1077 371 1126 Haud
384 1091 454 1141 segre
470 1085 543 1128 certo
560 1079 735 1128 assentientur
751 1079 777 1142 ii,
795 1079 838 1142 qni
857 1080 968 1142 aliquam
986 1079 1165 1128 numismatum
1178 1079 1297 1142 peritiam
1310 1078 1355 1127 ha·

262 1157 335 1218 bent,
347 1157 461 1221 ignotum
474 1159 580 1222 hujusce
592 1159 688 1208 nssmnsi
700 1160 876 1209 characterem
888 1160 912 1208 ci
928 1159 1008 1208 inisse
1019 1160 1179 1223 magistratui
1192 1159 1356 1220 familiarem,

262 1239 336 1302 etrjsss
348 1247 387 1286 est
400 1239 475 1301 jussu
489 1253 640 1302 percussos:
660 1239 873 1303 quemadmodum
886 1240 911 1288 in
928 1240 994 1296 aliis,
1012 1241 1054 1304 qui
1066 1241 1211 1290 Samaritici
1224 1241 1356 1297 dicuntur,

262 1333 321 1382 pars
334 1319 378 1366 illa
389 1319 534 1368 certissime
546 1320 630 1382 potior
641 1329 690 1381 est,
703 1319 728 1368 io
746 1335 796 1384 qua
815 1333 907 1370 nomen
928 1327 968 1369 est
986 1320 1115 1384 Principis
1133 1322 1268 1383 scriptum.
1302 1321 1356 1371 tttc

263 1413 325 1448 sero
338 1398 500 1460 magistratus
508 1413 557 1448 non
567 1396 646 1448 inisse
657 1399 777 1449 lsraiilita
788 1400 955 1462 ridetur,hoc
963 1409 1013 1464 eat,
1022 1415 1072 1450 nou
1083 1415 1115 1449 ex
1127 1401 1144 1452 J
1148 1401 1219 1450 acohi
1232 1403 1357 1465 posteris,

263 1485 308 1528 aut
320 1479 445 1542 religione
457 1478 574 1529 Jtsdesus.
609 1479 746 1529 Enimvero
764 1495 819 1530 earn
838 1480 872 1530 ob
889 1495 1001 1540 causam,
1012 1481 1033 1530 ei
1049 1488 1120 1530 recte
1131 1481 1232 1546 quidem
1244 1483 1357 1546 conjeci·

264 1575 330 1622 mus,
340 1560 435 1609 Simeon
447 1561 565 1624 Princeps
577 1561 704 1611 duntaxat
723 1562 837 1625 scripsit,
852 1576 903 1611 non
914 1561 1010 1625 adjecit
1020 1561 1105 1622 lsra'e'l,
1115 1575 1172 1626 qne
1185 1577 1236 1610 vox
1247 1563 1272 1610 in
1284 1569 1356 1611 cete·

156 1697 159 1706 Α
265 1642 299 1690 ris
318 1649 444 1704 perpetuo
457 1643 562 1705 iegitur,
574 1641 599 1689 in
612 1641 704 1706 quihus
723 1642 818 1702 Simena
832 1643 945 1706 Princeps
956 1649 1014 1701 est;
1031 1641 1148 1706 quoniam
1160 1643 1286 1691 alterutro
1296 1642 1356 1692 cha·

266 1731 367 1771 ractcre
380 1721 442 1770 sutis
458 1719 509 1770 fun
528 1717 677 1785 Principem
697 1720 780 1771 Israel
800 1725 952 1786 nuncupari.
986 1722 1045 1771 Fuit
1056 1721 1175 1771 nimirum
1187 1721 1298 1771 Simecni
1308 1722 1356 1770 oh·

264 1803 354 1852 nonius
373 1803 417 1850 ille
435 1803 612 1864 magistratus,
632 1815 680 1866 neo
701 1807 786 1851 tamen
806 1803 896 1851 iisdesa
915 1803 1035 1852 addictus
1053 1801 1143 1865 sacris,
1158 1809 1204 1850 aot
1220 1802 1357 1852 exsatiem

265 1891 342 1946 gente
361 1882 500 1942 oriundus;
523 1882 639 1945 qstamvis
656 1889 713 1931 erat
733 1881 851 1931 fortassis
870 1897 903 1932 ex
919 1897 1007 1932 earnm
1022 1895 1128 1932 numero
1147 1882 1292 1945 gentilium,
1311 1884 1357 1947 qui

264 1962 470 2026 Hierosolymam
489 1968 496 1991 ¹
507 1961 683 2011 ascendebant
695 1969 724 2011 ut
735 1962 873 2012 adorarent
884 1963 909 2012 in
927 1963 970 2012 dic
980 1962 1066 2012 t'esto’
1085 1962 1202 2018 Paschse,
1216 1971 1285 2012 teste
1295 1963 1357 2014 Joh.

265 2055 317 2091 xrs.
328 2046 369 2090 2⁰.
404 2043 467 2091 Erat
479 2043 546 2090 enirn
558 2042 580 2090 is
591 2043 757 2105 magistratus
769 2043 844 2092 nnius
856 2057 871 2092 a
884 2043 964 2093 tribus
976 2043 1078 2108 oppidis
1089 2043 1220 2106 Samariae,
1231 2057 1289 2108 quse
1303 2045 1356 2092 Da·

265 2122 372 2172 mettius
382 2123 464 2186 Syrie
476 2137 522 2171 rea
533 2123 652 2173 Jonatlsse
665 2125 793 2173 sacerdoti
804 2124 914 2188 Simonis
925 2123 999 2174 fratri
1010 2138 1040 2172 ac
1057 2123 1187 2173 decessori
1198 2123 1355 2174 donaveratr

267 2205 303 2252 nti
317 2209 436 2252 narretur
447 2217 466 2252 ι.
477 2203 563 2252 Maec.
576 2216 603 2252 x.
615 2207 656 2254 8⁰.
670 2211 698 2253 et
715 2215 755 2254 ιι.
772 2208 812 2254 34.
844 2205 938 2269 ltaque
959 2205 1040 2254 uoluit
1060 2205 1080 2252 is
1100 2204 1127 2253 in
1147 2217 1178 2253 ea
1198 2203 1357 2254 numismatis

266 2283 475 2348 pausantibus,
486 2283 582 2334 Simeon
593 2285 707 2348 Princeps
719 2285 795 2334 lsro'e'l
802 2301 811 2342 ,·
828 2298 886 2334 curu
898 2285 955 2348 ipsa
965 2285 1101 2334 character
1120 2285 1195 2334 aliam
1212 2283 1245 2334 ab
1258 2283 1359 2333 teneti-

267 2367 321 2415 tica
341 2373 445 2428 gentem
463 2365 590 2429 designet,
611 2367 727 2429 quamvis
746 2373 774 2416 et
796 2367 875 2430 ipsam
894 2365 1049 2429 principatui
1070 2365 1181 2414 Simonis
1203 2364 1356 2414 obnoxiam:

267 2445 410 2508 prasertim
427 2459 485 2494 cuns
504 2447 610 2496 alterius
632 2446 713 2510 partis
733 2447 876 2511 epigraphe
896 2446 1026 2510 Principis
1045 2453 1148 2508 gentem
1165 2460 1196 2494 ac
1208 2446 1357 2509 religionem

263 2526 329 2574 satis
339 2526 478 2589 conspicue
490 2526 619 2590 designet,
630 2527 713 2590 posito
724 2527 842 2576 nimirum
854 2542 915 2577 orsao
925 2528 1001 2590 prino
1010 2525 1160 2576 renuntiastis
1171 2525 1256 2575 lesaii.

300 2607 342 2657 Ne
360 2608 536 2657 Seruaritanua
553 2607 656 2672 quidem
669 2609 821 2672 oppidorum
834 2609 922 2658 horum
937 2608 1103 2672 magistratus
1115 2607 1199 2655 verina
1211 2606 1268 2669 tuit,
1281 2619 1359 2669 qnam

265 2687 387 2737 Tuscicns
400 2687 548 2751 prefectus,
558 2689 601 2754 qui
609 2689 662 2750 juri
675 2687 787 2738 dicundo
799 2696 896 2753 praeest
909 2689 934 2736 iu
951 2688 1099 2737 civitatibus
1111 2687 1232 2749 Gracia,
1242 2687 1359 2750 appella·

267 2777 309 2818 tus
321 2777 361 2818 est
373 2777 417 2816 aut
428 2768 599 2832 appellandus
611 2768 750 2833 aliqnando
762 2769 880 2820 Graecos.
914 2769 983 2820 Quin
996 2769 1072 2816 isnsno
1084 2775 1202 2816 recentes
1218 2767 1261 2816 isti
1272 2769 1360 2816 Sarna-

267 2850 312 2898 ria
326 2849 418 2898 incola
431 2856 599 2897 secernuntur
611 2849 802 2900 sesmsrttsots
821 2863 857 2900 ts.
871 2849 936 2913 lieg.
951 2861 1021 2898 aurs.
1032 2851 1073 2898 29.
1106 2853 1114 2878 ⁶
1128 2848 1180 2898 Hie
1199 2849 1293 2896 stultus
1314 2862 1361 2911 po.-

268 2929 343 2992 pnlus
360 2929 403 2977 ille
421 2937 471 2989 est,
490 2928 534 2993 qui
552 2928 652 2978 habitat
664 2929 689 2977 io
699 2929 818 2978 sichimis
829 2929 845 2980 :¹
863 2939 892 2981 nt
909 2929 1012 2994 quidem
1032 2929 1135 2994 scripsit
1153 2929 1363 2988 Ecclesiasticus,

268 3010 341 3058 aonia
352 3010 455 3059 circiter
468 3021 549 3059 xxvt.
560 3015 620 3059 ants
640 3023 762 3073 percussa
777 3010 832 3060 hese
853 3009 904 3060 dno
921 3014 1092 3071 nssmlrmata3
1112 3011 1157 3059 sed
1169 3009 1360 3058 Samaritannm

267 3105 318 3140 non
332 3091 456 3155 appellat.
491 3090 583 3155 Neque
594 3089 662 3140 coins
673 3091 827 3140 Samaritani
838 3089 910 3140 inere
918 3091 971 3153 alii,
982 3099 1079 3154 praeter
1091 3090 1223 3140 israelitas
1235 3105 1249 3139 a
1260 3090 1362 3141 Jndaeis

268 3172 403 3221 schismate
423 3170 529 3233 diriaos,
547 3172 590 3235 qni
609 3171 797 3235 Hierosolymis
819 3172 928 3221 admone
951 3173 1033 3221 Deum
1057 3171 1158 3221 nollent
1180 3185 1238 3220 curn
1258 3169 1362 3234 reliqna

268 3259 362 3316 gente:
373 3265 421 3301 nec
433 3253 496 3302 alios
509 3253 644 3316 Scriptura
654 3253 734 3303 Sacra
746 3253 772 3302 iu
785 3253 926 3317 Evangelio
937 3261 982 3302 aut
991 3253 1050 3302 alibi
1060 3253 1235 3302 Samaritanus
1245 3251 1364 3314 agnovit.

269 3340 366 3396 preter
377 3333 448 3382 istos.
481 3332 573 3397 ltaque
585 3347 635 3382 noo
646 3341 704 3382 sunt
717 3333 765 3383 iata
777 3335 940 3396 nttmismata‚
952 3333 974 3382 si
986 3333 1090 3397 quidem
1101 3333 1209 3396 propria
1221 3331 1361 3396 loquimur,

267 3413 436 3463 Samaritica:
460 3426 543 3478 neque
562 3415 630 3462 enim
650 3421 710 3463 arsut
720 3429 750 3463 aa
761 3429 777 3464 a
787 3415 954 3464 Samaritanis
966 3427 1105 3477 percussas
1123 3413 1238 3477 quamtis
1250 3411 1361 3460 Samari-

268 3494 331 3554 tica,
347 3495 368 3542 si
389 3495 470 3549 lohet,
485 3509 516 3544 ao
536 3495 639 3544 nomine
660 3496 760 3558 possint
779 3495 914 3560 appellari.
932 3495 998 3559 quoti
1016 3509 1047 3542 ex
1067 3494 1182 3543 Samaria
1202 3492 1362 3556 prodierunt.

270 3573 371 3622 Cuthsei
383 3574 513 3639 videlicet,
524 3575 723 3640 Babyloniiqne,
734 3575 777 3641 qni
790 3576 815 3624 in
826 3591 856 3624 ea
875 3577 978 3638 regione
996 3575 1176 3629 consederant,
1186 3589 1217 3622 es
1229 3587 1362 3636 percusse·

269 3661 331 3704 runt
342 3654 472 3720 Principis
491 3656 559 3704 illius
573 3657 657 3719 jussu,
673 3657 746 3720 cujus
764 3657 812 3706 suh
832 3663 961 3720 potestate
981 3663 1078 3715 essent,
1095 3655 1189 3719 quique
1208 3655 1363 3717 inscriptum

270 3749 326 3784 esse
338 3749 430 3783 nomen
443 3750 515 3784 suum
529 3737 555 3785 in
567 3738 675 3787 nummis
687 3745 852 3803 percuperet,
864 3751 951 3800 tagum
965 3751 1043 3791 more,
1055 3736 1165 3800 quicntu
1175 3735 1282 3797 imperio
1294 3749 1365 3798 pre·

269 3822 344 3865 eraut
357 3815 446 3864 ricinis
459 3816 604 3879 provinciis.
623 3817 653 3866 ld
666 3830 727 3866 sero
739 3817 879 3878 impetrare
892 3831 974 3880 neque
987 3815 1108 3867 aludeis
1121 3815 1364 3878 Hierosolymitania

270 3902 407 3960 potuerat;
431 3911 479 3945 nec
496 3898 574 3960 magis
593 3905 679 3961 posset
696 3913 712 3945 a
731 3898 899 3946 samaritanis
918 3896 1054 3958 Israelitis,
1073 3897 1165 3960 quihus
1185 3897 1275 3960 utique
1293 3898 1363 3946 hand

270 3977 353 4026 minor
365 3977 463 4040 religio,
474 3977 520 4026 hnc
532 3979 638 4028 certain
651 3985 734 4041 parte,
746 3992 822 4041 quarn
833 3977 941 4034 Judats,
955 3975 1032 4026 foret.
1068 4021 1070 4024 .

305 4057 365 4106 Non
384 4065 424 4106 est
436 4057 577 4106 arbitratus
588 4059 675 4108 Simon
693 4058 812 4108 sacerdos
824 4057 943 4120 relegam
957 4055 1128 4121 perfringere,
1140 4058 1161 4106 ai
1179 4071 1264 4108 rerunt
1276 4073 1292 4104 a
1303 4058 1364 4106 Deo

271 4145 418 4188 creatarum
431 4135 528 4200 effigies
541 4139 566 4186 in
584 4139 691 4187 nummis
704 4139 812 4202 insculpi
825 4138 858 4187 ah
869 4139 1021 4202 alienigenis
1027 4139 1149 4200 jnherct:
1169 4137 1214 4187 sed
1226 4145 1365 4200 postquam

271 4220 344 4270 aunis
362 4217 425 4282 ipsis
446 4226 555 4283 quatuor
573 4220 667 4283 populo
687 4219 837 4276 ohsdtissen
856 4211 948 4270 cedcr'e
967 4219 1068 4269 dentum
1089 4227 1194 4270 coactns
1213 4226 1260 4267 cst.
1295 4217 1365 4268 Nam
