3148 4884
282 393 368 459 atas
649 405 680 451 o.
707 401 824 450 rnrurr
849 399 1014 450 arcuum

282 553 354 638 sire
377 550 522 616 Chalcus
544 547 757 613 Athamantis
779 545 878 610 filins.
923 546 1076 610 Loricam
1094 543 1223 608 Midias
1242 543 1373 608 Messa-

281 655 366 716 nius.
410 651 561 728 Galeam,
585 649 758 732 gladium,¹¹
780 649 910 713 hastam
931 647 1201 712 Lacedaemonii.v
1244 645 1373 710 Ocreae

281 760 313 818 et
328 755 449 820 cristas
463 753 578 818 Cares.
615 750 740 816 Arcnrn
754 756 788 814 et
798 751 952 831 sagittam
969 749 1115 832 Scythen
1131 747 1154 812 J
1156 748 1231 812 ovis
1246 747 1373 824 tilium3

281 856 338 920 alii
352 855 491 937 sagittas
508 853 632 918 Persen
644 851 761 916 Persei
773 850 876 939 tilium
892 850 1060 914 invenisse
1080 849 1211 914 dicunt:
1237 849 1372 914 lanceas

283 941 438 1022 AEtolos:
464 955 617 1038 jaculum
644 973 718 1019 cum
749 959 882 1016 amento
908 951 1058 1016 AEtolum
1085 950 1232 1016 Martis*
1256 951 1373 1014 tilium.

280 1058 410 1124 Hastae
424 1057 580 1122 velitares
594 1055 796 1140 Tyrrhenum
809 1061 830 1114 :¹
853 1053 991 1117 Pilumy
1006 1053 1253 1118 Penthesileam
1270 1052 1372 1116 Arna·

280 1177 417 1224 aonam:
455 1159 609 1234 securim,
639 1157 813 1222 Pisaeum:
851 1155 1055 1228 venenatas*
1078 1160 1111 1219 et
1137 1156 1172 1218 in
1201 1156 1372 1219 tormentis

276 1261 509 1344 scorpionem¹
535 1258 676 1324 Cretas:
708 1256 910 1339 catapultam
935 1255 1210 1340 Syrophoenicas,
1224 1262 1271 1302 ³⁵⁸
1300 1255 1373 1318 bal.

743 1435 878 1457 lumen
882 1435 927 1456 ΙΜ

278 1555 384 1618 Biporrt.
399 1561 427 1606 et
438 1555 528 1605 Fraus.
548 1554 716 1619 prisasuarld.
728 1561 789 1603 anta
805 1553 1040 1604 Heracleum—ta
1058 1553 1100 1603 Ita
1112 1567 1145 1602 ax
1158 1553 1233 1603 codd.
1251 1550 1371 1602 curanda·

279 1622 317 1670 rit
328 1620 486 1679 Harduiuua‚
497 1635 606 1684 sumque
617 1619 699 1668 secuti
712 1628 824 1668 receuti.
849 1619 940 1668 Hortos
950 1619 1060 1668 sslitares
1073 1619 1228 1681 mimam,
1236 1618 1371 1680 pilataque:

278 1685 449 1735 Penthesileam
459 1685 601 1734 Amazonem
607 1683 715 1734 seram.
732 1683 828 1732 Piscem
838 1683 950 1732 smohala
960 1683 1073 1732 Gronov.
1082 1691 1110 1732 et
1119 1682 1177 1731 edd.
1186 1685 1314 1731 retu-stt
1328 1681 1370 1728 lta

277 1749 353 1800 codd.
365 1751 446 1811 lisga.
459 1749 534 1800 Brot.
546 1753 569 1797 1.
584 1753 609 1798 a.
621 1747 782 1797 Ambrosiau.
793 1745 878 1798 Chitil.
889 1748 978 1797 Editio
990 1748 1121 1811 princeps,
1131 1755 1159 1796 st
1170 1747 1282 1796 ltaason.
1307 1746 1373 1794 Sici·

276 1813 329 1877 lios,
341 1814 464 1864 Plarasa
480 1813 591 1862 turneb.
612 1813 695 1876 Syros,
711 1812 838 1862 Phoenicas
858 1811 917 1862 edd.
931 1818 990 1862 ante
1003 1813 1178 1862 Breues-86
1195 1809 1260 1862 Cod.
1280 1809 1370 1859 Dulce.

720 2073 723 2080 Ι
770 2005 877 2058 sors

276 2130 355 2180 riorus
366 2129 399 2180 rie
415 2131 479 2195 Diis,
489 2131 535 2182 lih.
547 2146 578 2182 rr.
589 2147 649 2197 pag.
660 2137 700 2182 86.
725 2131 802 2196 Ἀιρί-
840 2130 920 2190 ferro,
931 2132 1007 2194 quate
1025 2129 1104 2178 hastis
1117 2128 1267 2178 rslitsrihas
1284 2127 1371 2178 inest.¹

276 2224 327 2256 sess
341 2207 380 2256 sai
395 2206 803 2272 llpoiras....s·oaepoirrrsrlposr
871 2207 991 2268 tritum]
1017 2207 1082 2254 Vide
1104 2205 1188 2254 Notas
1210 2212 1236 2253 at
1259 2205 1368 2254 Emenrh

275 2283 374 2333 halim
388 2287 481 2348 sprircs.
499 2287 603 2336 Fratres
620 2287 644 2336 hi
662 2285 751 2346 iuers;
774 2294 802 2336 et
840 2297 908 2332 nuru.
926 2282 1110 2345 roa-‘Apud
1133 2282 1270 2330 Homerum
1299 2283 1368 2330 urrlla

273 2359 352 2408 iidem
364 2358 614 2426 Argivorumregas.
649 2361 803 2412 Acrisiifilia
840 2359 1059 2408 Penthisilaaast.
1093 2358 1369 2410 Peasthitsosaseriait

275 2433 374 2496 Danai,
386 2449 418 2483 ex
430 2450 482 2500 qus
493 2437 614 2488 Perseus.
839 2437 946 2492 Plinius,
962 2445 990 2486 et
1005 2435 1064 2485 iada
1082 2435 1171 2486 Greci
1190 2435 1291 2499 quidem
1308 2441 1369 2484 nee·

306 2517 318 2542 ¹
336 2510 443 2580 Quam,
451 2513 569 2576 gladium]
587 2512 707 2576 Intelligs
722 2514 801 2562 Laco·
838 2509 965 2563 irritatas.
997 2511 1367 2574 arrnnommoverers.quem

274 2597 335 2634 num
356 2585 413 2634 haec
435 2588 554 2649 propria:
572 2589 670 2650 galcam
692 2589 802 2640 hmani·
839 2589 950 2652 Neapoli
975 2587 1092 2638 extitisse
1118 2585 1228 2636 affirmat
1248 2585 1319 2636 Orco
1339 2603 1367 2650 p.

273 2672 339 2714 cam,
358 2658 522 2724 gladiumque
543 2662 704 2712 Laconicum.
734 2662 800 2712 Nam
837 2668 895 2714 216.
932 2665 1066 2714 Pestesilea
1092 2663 1226 2714 acrihiturr
1252 2663 1313 2726 quin
1330 2663 1367 2712 ita

272 2747 344 2782 suam
354 2748 456 2798 qnoque
467 2736 565 2796 paleam
578 2737 690 2788 habuere
707 2739 801 2794 litanti,
839 2739 921 2801 poscit
930 2740 1151 2790 sententialatens
1161 2738 1209 2787 suh
1218 2737 1267 2788 illis
1277 2739 1366 2788 literis.

273 2807 408 2863 Corinthii,
420 2809 607 2873 Paphlagonas.
640 2812 727 2862 Gladii
739 2827 800 2862 raro
838 2811 870 2862 1n
889 2815 974 2862 sotira
994 2821 1068 2877 parta
1087 2823 1137 2875 est,
1155 2827 1222 2864 nrro
1239 2825 1364 2864 ruarauo

272 2897 316 2931 seo
331 2884 447 2946 pugionis
460 2885 580 2936 Laconici
594 2885 749 2937 aracusiam
760 2903 800 2938 os·
836 2899 967 2938 aravsro.
987 2888 1029 2952 .>(.
1050 2889 1081 2936 io
1094 2887 1201 2944 ambitu,
1219 2901 1364 2938 acarnsrs:

272 2955 357 3008 tendit
379 2957 532 3008 Plutarchus
548 2961 574 3008 iu
594 2961 718 3024 [sycarus.
740 2977 799 3026 pag.
836 2961 1104 3022 intramuraneam
1137 2963 1197 3012 Non
1213 2961 1364 3012 ihi‘Achil·

271 3037 313 3082 til.
331 3031 460 3096 ἐγχειρίδια
477 3035 609 3102 appellans
623 3035 739 3100 paxatpar
754 3043 799 3088 ata·
835 3036 873 3086 les
896 3045 1009 3086 armatus
1032 3035 1155 3086 interficit
1174 3037 1367 3100 Pentesilearu,'

272 3105 381 3158 smmis.
837 3119 865 3160 ut
877 3120 951 3174 pitter
963 3113 1050 3172 Oscor
1066 3113 1197 3177 namquid
1209 3113 1257 3162 ista
1268 3114 1365 3178 cedes,

303 3190 315 3216 ¹
335 3185 435 3233 Hostes·
443 3184 541 3249 liorem]
559 3187 719 3240 Peculiarera
732 3190 799 3240 scili·
836 3189 857 3237 si
870 3204 930 3238 vera
949 3188 1008 3245 luit.
1023 3189 1055 3238 ad
1072 3190 1211 3253 Trajanmn
1230 3193 1363 3254 pertinet?

271 3267 331 3310 cet:
350 3263 433 3326 quatis
449 3277 510 3312 sero
527 3279 558 3312 aa
577 3263 666 3328 fuerit,
684 3275 798 3318 statuere
833 3262 970 3314 Sententia
985 3265 1041 3314 haec
1057 3265 1114 3314 istis
1134 3264 1215 3314 literis
1230 3266 1364 3328 ingeniosa

271 3337 339 3386 hand
363 3339 399 3388 ita
422 3340 537 3400 procliva
558 3350 607 3390 est.
643 3341 712 3392 Hine
735 3344 797 3394 tund
834 3339 1020 3401 comprehensa
1040 3348 1097 3388 est:
1115 3340 1249 3390 ‘scuram
1266 3341 1362 3390 Similis

271 3411 393 3476 Gregorii
406 3415 752 3478 Naz.dtcrom,Eptsr.1ss.
765 3419 798 3470 ad
835 3413 961 3477 Princeps
979 3415 1099 3479 Equitum
1120 3416 1210 3466 Narra
1226 3417 1364 3480 Trajarrus,

219 3555 223 3562 Ι
270 3489 437 3538 Themistium
448 3506 454 3540 ε
472 3491 797 3556 :emmeramum
834 3488 954 3553 Equestri
965 3489 1093 3554 Signifero
1103 3489 1247 3541 interiecto
1258 3485 1363 3542 Lihers'·

269 3560 335 3625 piiss,
347 3563 478 3628 Spartanos
488 3567 709 3632 hastaaotossrreit.
835 3567 872 3616 vit
890 3569 988 3618 Eriuam
1003 3569 1166 3633 Augustam!
1200 3572 1260 3622 Nou
1276 3581 1316 3622 est
1335 3574 1361 3622 ia

302 3644 318 3668 '
335 3639 439 3688 AEtolars
458 3641 559 3706 Mortis]
581 3643 690 3692 AEtoluar
711 3645 798 3708 Endy-
834 3642 1293 3710 hoecommemorastis-platena
1306 3649 1362 3696 hos·

270 3712 361 3762 minuis
378 3715 406 3763 F.
422 3713 488 3764 iacit
500 3717 621 3780 Apollorl.
630 3718 662 3768 de
674 3721 742 3784 Diis,
752 3722 797 3772 lih.
834 3720 885 3770 titis
897 3723 1026 3772 exercitus
1042 3722 1158 3786 signiter,
1169 3739 1184 3772 a
1196 3723 1318 3788 Trojano,
1331 3734 1361 3774 ut

271 3801 290 3837 ι.
305 3793 410 3852 papii).
421 3805 436 3838 a
447 3805 498 3854 qno
510 3792 608 3842 llitoliss
620 3807 720 3845 nomen.
834 3796 961 3858 quondam
981 3799 1012 3846 ah
1029 3797 1129 3848 Achilla
1147 3798 1248 3850 Hector
1263 3799 1360 3850 tntae

302 3870 314 3896 ¹
334 3865 491 3930 ihrrhraam]
507 3867 547 3916 Da
565 3882 596 3918 eo
615 3883 674 3918 mox
693 3870 795 3921 iterum.
831 3885 884 3928 tros.
896 3870 1067 3922 interiectos!
1081 3875 1184 3924 Βάκι.
1203 3923 1204 3929 ,

271 3941 310 3992 De
322 3942 400 3992 itastis
417 3943 580 4007 uelitaribus,
597 3945 634 3992 alc
650 3945 796 4006 appellatis,
864 3946 1051 4012 ‘Scorpionem
1069 3949 1202 3998 Vitruvius
1218 3953 1360 4014 catapoita

269 4018 335 4080 quod
353 4017 385 4068 sd
399 4019 499 4081 uelites,
511 4021 558 4069 hoc
575 4026 624 4080 est,
636 4020 697 4068 teris
713 4035 795 4070 arma·
833 4027 860 4069 et
876 4022 1020 4085 scorpionis
1037 4023 1144 4072 santiam
1156 4024 1193 4074 ait
1207 4039 1264 4076 esse
1280 4029 1359 4078 ratio·

269 4093 486 4143 turaeruiliteacae
505 4094 795 4158 pertinant‚hirinslih.
833 4110 910 4145 nem:
938 4100 1076 4162 catapultis
1108 4101 1227 4164 sagittas,
1250 4102 1361 4154 ballistis

270 4179 348 4234 aaut³
363 4181 421 4232 pag.
434 4173 491 4218 280.
515 4170 571 4217 ‘Et
588 4177 695 4232 septena
705 4171 796 4234 jacula
832 4185 893 4220 assa
902 4172 977 4222 mitti.
1010 4175 1097 4222 Casas
1109 4183 1194 4224 tamea
1208 4177 1360 4230 uertenti.

158 4251 162 4258 ·
270 4252 406 4308 quaternos
423 4244 590 4308 longaperles
608 4246 795 4312 dsta‚praefixa
834 4261 866 4298 rt.
881 4255 909 4298 et
920 4249 1058 4312 catapultis
1070 4235 1179 4308 assasti
1192 4251 1300 4306 ballistis
1318 4271 1361 4320 sag
