3148 4884
250 345 336 410 1396
618 364 648 410 o.
672 361 793 409 rnrurr
817 360 982 410 snouunt

249 504 296 566 tis
319 504 418 568 viros.
463 503 503 568 C.
523 503 662 581 Mario,u
677 503 737 568 Cn.
753 503 903 568 Carbone
920 521 977 568 ιιι.
991 525 1080 571 coss.
1095 524 1127 568 a.
1142 505 1175 569 d.
1191 507 1341 588 quintum

250 603 395 668 Kalend.
416 603 439 669 J
444 607 547 682 unias,
570 607 619 670 M.
636 605 820 670 Caecilius*
850 605 960 670 Rufus
983 615 1017 671 ot
1038 606 1077 670 G.
1093 607 1243 671 Licinius
1266 607 1344 671 Cal·

249 726 311 770 vos
322 705 348 746 ¹⁶
370 706 488 770 eadem
510 707 564 771 dia
580 707 689 789 geniti
712 712 802 781 sunt,
826 713 976 770 oratores
999 708 1135 791 quidem
1157 707 1266 785 ambo,
1281 711 1344 774 sed

249 815 317 873 tam
333 809 461 892 dispari
476 815 608 874 eventu.
652 809 733 873 Hoc
747 809 845 872 etiam
858 815 877 842 '
892 808 1011 872 iisdem
1024 809 1113 873 horis
1126 809 1344 872 nascentibus

249 911 284 974 iu
300 917 373 974 toto
388 911 509 975 mundo
524 911 676 994 quotidie
686 911 810 987 evenit,
821 910 1012 994 pariterque
1023 906 1149 975 domiui
1160 918 1185 958 ¹⁷
1202 927 1243 974 ac
1254 911 1345 974 servi

248 1014 432 1094 gignuntur,
445 1031 542 1094 reges
557 1019 590 1076 et
605 1013 734 1096 inopes.
1005 1073 1010 1078 .

294 1130 343 1176 nr.
364 1110 435 1197 (n.)
457 1112 599 1176 Publius
615 1112 790 1180 Cornelius
805 1114 967 1193 Rufos,¹²
982 1115 1039 1198 qui
1050 1113 1172 1179 consul
1189 1131 1267 1177 oum
1283 1111 1344 1175 Μ’.

248 1212 375 1278 Curio*
397 1213 472 1290 suit,
487 1214 654 1278 dormiens
674 1216 848 1280 oculorum
862 1217 973 1280 visum
994 1215 1118 1288 amisit,
1135 1233 1210 1278 cum
1225 1213 1261 1276 id
1278 1212 1344 1276 sibi

248 1315 402 1380 accidere
417 1315 609 1381 somniaret.
630 1315 661 1379 E
671 1316 801 1381 diverso
813 1317 971 1382 Pheraeos
985 1317 1009 1382 J
1011 1312 1137 1380 asonil
1151 1313 1343 1398 deploratus

248 1435 270 1479 a
291 1413 430 1478 medicis
445 1415 586 1480 vomicas
608 1417 751 1495 inorbo,c
772 1437 849 1482 cnm
872 1424 1009 1482 mortem
1030 1417 1154 1482 inania
1173 1421 1343 1500 quaereret,

247 1517 420 1581 vulnerato
436 1527 570 1600 pectore
583 1517 780 1582 medicinam
795 1521 926 1584 invenit
940 1539 985 1583 ex
998 1519 1104 1582 hoste.
1131 1517 1176 1594 Q.
1194 1513 1343 1580 Fabiusd

248 1617 421 1683 Maximus
445 1619 566 1682 consul
596 1620 686 1702 apud
706 1620 827 1684 flumen
853 1622 984 1686 Isaram
1013 1620 1133 1703 praelio
1158 1618 1339 1683 commisso

247 1719 410 1784 advorsus
436 1719 682 1802 Allobrogum*
703 1721 992 1806 Aruernorumque
1018 1729 1144 1803 gentes,
1167 1741 1198 1785 a.
1230 1719 1263 1782 d.
1289 1735 1343 1782 vr.

247 1821 329 1884 ldus
343 1821 530 1904 Augustas,
549 1839 673 1886 oxxx.
693 1833 744 1886 ιι·
766 1824 985 1907 perduellium
1008 1824 1120 1902 caesis,
1145 1821 1225 1886 febri
1242 1839 1344 1905 quar·

245 1929 324 1986 tana
337 1923 498 1988 liberatus
514 1932 566 1990 est
577 1925 611 1988 in
626 1927 710 1990 acie.

246 2203 322 2252 aelius
330 2201 437 2251 biduum
448 2204 606 2254 Galam-lt
624 2203 667 2253 lta
678 2201 738 2252 edd.
751 2211 814 2252 retr.
827 2203 942 2253 Gronov.
952 2211 980 2254 et
990 2201 1117 2253 Haeduiu.
1127 2201 1343 2266 turritam-rint

247 2266 373 2315 Horduin.
384 2271 408 2316 2.
420 2271 445 2316 ³.
456 2267 552 2317 Miller.
563 2269 670 2332 Bipout.
686 2276 714 2317 et
727 2268 816 2316 Frena.

279 2331 345 2380 Car.
356 2344 391 2380 nr.
408 2335 420 2378 l
436 2330 509 2380 itan
537 2347 581 2380 nra
593 2331 670 2382 codd.
683 2331 742 2381 edd.
758 2340 822 2379 retr.
839 2330 956 2380 Gronov.
976 2330 1106 2384 Haeduin.
1117 2335 1142 2380 2·
1156 2334 1182 2380 8.
1192 2331 1298 2392 Bipont.
1314 2336 1343 2379 et

245 2395 337 2444 Fraus.
356 2394 457 2460 Rufinus
470 2395 525 2444 Har
546 2397 598 2446 uin.
618 2398 642 2444 iu
656 2396 772 2445 editione
789 2397 930 2458 prima-2
948 2395 990 2444 lta
1000 2411 1032 2444 ex
1045 2395 1121 2444 codd.
1135 2394 1261 2443 Harduiu.
1271 2409 1342 2442 eum·

246 2475 298 2522 que
308 2460 389 2509 menti
402 2467 512 2508 receutt.
524 2463 561 2509 M.
574 2461 649 2509 Curio
659 2460 719 2510 edd.
730 2465 795 2509 rett.
805 2468 831 2508 et
840 2459 954 2509 Gronov.
963 2460 1056 2508 ¹Martio
1066 2460 1137 2508 certo
1145 2460 1206 2507 Vet.
1218 2459 1343 2507 Datne.-

248 2529 263 2573 3
274 2524 467 2573 pantaucum
476 2523 559 2574 cntffl.
567 2524 755 2590 Phalerauejnm
765 2529 815 2572 tua
826 2525 887 2573 Vei.
902 2525 991 2572 Doleo.
1014 2519 1145 2572 Phalereus
1154 2524 1211 2570 duat
1222 2522 1340 2584 quadarn

247 2597 313 2637 vett.
325 2587 384 2636 edd.
395 2587 526 2638 Parnm
537 2596 587 2638 mm
597 2590 713 2638 Gronov.
734 2597 761 2638 et
773 2589 807 2636 al.
819 2596 879 2636 aute
893 2588 1069 2648 Hurduiuurn3
1087 2587 1199 2636 Pharoou
1211 2587 1281 2634 locon
1291 2593 1342 2636 Μ

248 2653 432 2702 Francius-4
440 2652 594 2715 Allobrogum
603 2669 684 2714 recem
694 2653 756 2702 Vet.
769 2653 859 2702 Doleo.
882 2653 955 2712 Mox,
966 2655 998 2700 cd
1013 2651 1059 2701 VI.
1072 2651 1132 2700 Idus
1143 2651 1257 2700 Gronov.
1267 2661 1293 2700 et
1306 2653 1341 2702 ul.

278 2924 290 2948 ⁸
308 2917 337 2966 C.
355 2917 446 2982 Murio]
470 2919 510 2968 De
528 2919 566 2967 hia
583 2919 656 2968 Cone.
673 2918 771 2967 dictum
844 2922 986 2971 bl'ieeruua
1005 2919 1094 2984 dmoni]
1118 2919 1186 2968 Vide
1208 2919 1292 2969 Notae
1313 2925 1342 2966 at

244 2998 285 3041 art
298 2993 430 3054 superiore
441 3007 500 3056 cup.
812 2997 920 3046 mend.
931 3011 1000 3044 num.
1013 3001 1068 3045 itt.

278 3071 337 3120 'M
349 3072 472 3137 Caeciliae]
493 3071 534 3122 lta
542 3071 601 3122 libri
610 3087 698 3122 ornnes
707 3072 772 3122 Mas.
844 3079 855 3106 ⁶
875 3071 976 3121 Vomicoe
993 3070 1083 3134 moa]
1098 3070 1239 3130 Ἀτόοημα
1257 3067 1343 3116 ἔσωθεν

244 3159 295 3196 non
319 3149 416 3198 Colias.
468 3148 570 3198 Praetor
591 3148 634 3198 lric
656 3147 715 3208 fuit,
740 3147 774 3196 P.
812 3147 899 3197 Greci
918 3153 1026 3197 vocant:
1043 3153 1170 3196 tumorem
1189 3157 1341 3194 excrescen-

244 3223 356 3272 Lentulo
373 3224 522 3286 Spinthere,
542 3224 575 3275 Q.
594 3223 701 3272 Metello
719 3221 774 3272 Ne·
814 3229 877 3285 tem,
899 3223 998 3272 latente
1024 3223 1134 3272 interius
1162 3219 1244 3270 eante.
1289 3219 1342 3268 Une

245 3309 307 3362 pote
319 3299 391 3348 Cosa.
401 3313 540 3362 oppressus
556 3311 572 3347 ι
590 3299 621 3347 Ρ.
633 3299 733 3353 Clodio,
744 3305 773 3347 ut
812 3303 939 3361 oportune.

244 3384 283 3423 est
305 3385 395 3426 auctor
411 3377 482 3435 Tiro,
501 3374 636 3424 Ciceronis
656 3373 773 3433 liberior,
845 3371 906 3429 α(ὶ.
920 3372 1018 3436 Futiur]
1034 3373 1068 3424 Q.
1087 3371 1183 3421 Fabius
1202 3369 1341 3431 Maximus,

243 3451 289 3498 lib.
302 3464 340 3500 ru.
352 3453 384 3501 de
396 3453 458 3500 Vita
473 3453 535 3516 ejur,
547 3451 646 3500 sitente
659 3449 772 3500 Asconio
813 3448 939 3498 AEuuiiieni
961 3449 992 3496 F.
1011 3460 1079 3496 anno
1098 3447 1131 3495 U.
1147 3447 1177 3496 C.
1196 3457 1340 3495 ncxurrr.

243 3527 369 3580 Pediauo.
402 3529 443 3579 De
456 3529 556 3579 Licinio
568 3529 649 3578 Calvo
667 3541 771 3591 agemus
814 3523 920 3582 Quarti,
942 3523 971 3572 1..
994 3523 1098 3584 Opimio
1118 3521 1233 3583 Collega.
1274 3521 1341 3570 Livii

243 3605 269 3652 in
281 3604 424 3653 atriolorum
437 3605 541 3655 Indice.
812 3598 942 3660 Epirotae,
961 3611 1016 3647 uxt-
1038 3599 1050 3634 ‘·
1059 3596 1093 3647 Q.
1105 3596 1198 3646 Fabiu·
1210 3595 1340 3645 Maximus

276 3687 292 3712 ⁸¹
310 3679 365 3728 Hoc
385 3681 468 3744 uiam]
497 3681 526 3728 In
548 3681 596 3729 hoc
620 3687 771 3741 argumento
810 3673 916 3731 Consul,
936 3674 1110 3734 Pcrrllnepos‚
1127 3671 1250 3720 udrerrur
1270 3670 1341 3720 Allo-

243 3763 362 3804 uerectur
378 3757 482 3819 egregie
497 3755 635 3819 Angustia.
647 3754 680 3804 de
693 3754 771 3804 cluit.
812 3747 913 3808 bruger,
930 3757 958 3798 et
974 3749 1099 3798 Bituitum
1112 3746 1286 3797 Arvernorum
1299 3760 1340 3794 re·

243 3845 271 3882 v.
281 3837 307 3881 ⁴.
318 3838 341 3881 5.
352 3836 377 3882 a.
390 3841 418 3880 et
429 3847 501 3896 seqq.
812 3839 879 3888 gem,
891 3822 1003 3873 feliciter
1015 3822 1156 3886 pugnavit}
1190 3823 1258 3872 ilinc
1268 3821 1342 3870 Allu-

275 3908 377 3956 eum.
399 3907 492 3970 Rusca]
523 3907 574 3958 Qui
601 3907 770 3956 cumulatum
811 3901 910 3962 brogioi
929 3900 954 3949 ei
971 3913 1123 3963 cognomen.
1157 3897 1222 3947 vute
1238 3897 1341 3946 storum

242 3984 324 4044 gessit
339 3997 395 4031 curn
407 3981 453 4037 Μ’.
472 3983 520 4031 lroc
531 3988 581 4043 est,
592 3981 680 4030 Manio
691 3979 770 4029 curto
810 3989 855 4026 ιιι.
866 3979 891 4025 2.
904 3991 964 4038 pag.
975 3979 1032 4024 tot.

243 4059 370 4115 ilaritate,
379 4069 445 4105 runo
457 4057 536 4106 Urbir
547 4067 690 4105 coocnxrv.
702 4061 731 4104 ut
742 4055 769 4104 iu
841 4057 852 4084 ⁸
871 4050 985 4099 CXXX.
997 4049 1048 4112 M]
1067 4048 1154 4098 Livius
1165 4049 1216 4098 loc.
1226 4049 1289 4096 cit‘
1300 4048 1342 4098 Ex

243 4133 324 4182 Fastis
332 4140 443 4182 notetur.
459 4131 527 4180 Vide
535 4130 617 4180 Notas
626 4139 652 4178 et
663 4128 769 4179 Eruend.
811 4127 903 4176 Bituiti
914 4127 1033 4174 exercitu
1044 4138 1112 4172 enin
1122 4123 1199 4171 millia
1210 4123 1340 4180 houriurun

242 4213 378 4260 uumtio.
808 4209 913 4252 centurn
935 4199 1045 4263 viginti!
1088 4200 1127 4248 Ex
1155 4213 1205 4263 quo
1227 4196 1341 4248 lurtum
