3148 4880
246 317 330 380 ltSl
568 331 830 380 uuursusruu
857 331 1016 379 uuouuu

246 495 276 532 tt.
289 482 373 530 ltlacc.
384 486 407 530 t.
420 485 459 530 tu.
477 483 483 508 ⁸
497 481 612 543 Populus
623 481 665 545 qsri
677 487 717 532 est
731 480 926 544 Hierosolymis,
936 488 962 528 et
975 481 1000 528 lo
1012 479 1115 536 dudan,
1125 479 1296 545 senatusque,
1307 489 1335 529 et

244 562 344 612 ludas!
380 562 473 625 Neque
491 568 553 610 tuuc
565 563 683 624 anaplum,
695 570 723 610 ut
734 562 781 610 sub
792 561 894 610 Simone
906 559 1053 610 factitatum
1064 559 1160 622 t'nerat,
1172 561 1230 608 anui
1240 563 1338 610 scrihe-

245 641 339 690 hantnr
349 656 503 690 summorum
516 640 665 704 pontificum
679 642 704 690 in
718 642 812 691 tabulis
823 642 952 706 gestisque
965 642 1082 704 puhlicis.

278 723 344 771 Hac
356 723 434 784 igitur
447 723 511 771 ratio
523 723 704 772 verisimillime
714 722 842 771 Simonem
852 722 949 784 adegit,
959 730 988 771 ut
999 723 1101 770 demum
1111 722 1208 786 populo
1218 722 1338 778 cederet,

245 803 439 867 abstineretque
453 810 512 866 post
527 818 619 852 ennsun
639 811 757 867 quartum
770 817 784 850 a
796 817 950 866 percussura
962 803 1058 866 proprii
1070 803 1244 852 numismatis:
1261 813 1337 852 certe

244 885 340 932 nullum
360 883 441 932 rimile
461 884 529 947 apud
546 883 652 934 Judaos
672 885 723 932 ulla
742 884 822 932 visum
835 891 911 933 atate
928 891 977 932 est.
1012 885 1080 932 Nam
1097 897 1155 948 quse
1167 898 1214 932 nec
1225 883 1337 933 Simonis

244 966 340 1014 liabent
357 979 460 1024 nomeu,
480 979 528 1014 nec
539 976 633 1014 annum
644 971 771 1020 notatum,
788 964 832 1012 sed
851 965 929 1028 pretii
940 971 1026 1014 notam
1038 965 1176 1024 duntaxat,
1192 963 1257 1012 adeo
1276 978 1337 1026 per·

244 1047 359 1109 spicuum
372 1054 424 1102 est,
440 1060 498 1096 essa
515 1061 547 1094 ea
563 1045 679 1108 ejrssdem
696 1043 815 1100 officina,
832 1045 904 1108 (nam
921 1045 946 1094 id
965 1046 1066 1093 omnino
1083 1045 1177 1093 assedet
1196 1044 1335 1092 indiscreta

243 1125 349 1176 fabricae
361 1125 523 1190 similitudm)
541 1136 569 1174 ιιι
585 1126 721 1175 obstinatae
737 1125 886 1187 pertinaciae
898 1127 941 1184 sit,
952 1140 983 1174 eo
1002 1133 1100 1174 tanturn
1113 1133 1263 1187 argumento
1274 1139 1337 1174 con·

244 1207 362 1264 tendere,
374 1208 425 1254 alio
437 1213 553 1270 tempore
566 1207 679 1269 potuisse
696 1221 727 1256 ea
747 1207 816 1261 cudi,
828 1206 945 1269 quoniam
958 1207 1054 1256 nullum
1067 1212 1166 1254 certum
1182 1205 1278 1254 habeut
1289 1219 1336 1254 an·

244 1301 305 1336 stum
318 1295 442 1336 notatum.

276 1367 397 1415 Ceterum
418 1381 467 1414 uon
487 1364 537 1414 tait
558 1368 613 1415 hac
634 1366 742 1415 Simonis
752 1365 887 1416 Pontificio
900 1367 1010 1429 pecunia
1022 1365 1047 1414 in
1061 1380 1107 1414 ιιιιι
1123 1365 1335 1414 extraditionem

243 1445 334 1510 ipsios,
346 1455 390 1496 aut
400 1457 475 1496 extra
488 1449 624 1510 ipssrsmset
636 1448 784 1496 Samariam.
818 1447 852 1496 Et
864 1447 918 1509 regi
935 1445 1063 1494 Antiocho
1077 1445 1216 1508 Euergetas
1228 1445 1253 1494 id
1265 1459 1335 1494 sum-

243 1541 349 1590 mopere
368 1527 517 1590 displicuit;
542 1529 639 1590 quippe
659 1529 702 1592 qui
723 1527 886 1577 beneficiario
902 1527 962 1590 jure
980 1525 1133 1576 obstrictam
1153 1525 1200 1573 tihi
1216 1525 1337 1576 lauaem

244 1623 299 1656 esse
311 1607 381 1658 credi
395 1609 488 1670 vellet,
505 1609 573 1657 unde
585 1609 686 1671 etipse,
697 1616 795 1657 stante
807 1609 890 1670 ipsum
903 1607 1052 1656 Alexander
1064 1605 1185 1656 Antiochi
1200 1607 1248 1654 Det
1260 1605 1338 1668 lilius,

243 1689 380 1750 Euergetae
392 1703 483 1738 nomeu
493 1690 603 1753 accepit.
638 1689 764 1740 Quoniam
777 1697 862 1737 antem
879 1702 933 1736 era
948 1701 994 1736 sua
1011 1702 1068 1736 esse
1080 1687 1237 1750 intelligeret
1249 1687 1336 1736 mitius

243 1783 300 1818 oum
313 1771 416 1820 Simone
429 1785 516 1833 agere,
529 1770 608 1820 soluit
620 1770 709 1818 saltem
722 1769 748 1818 id
761 1770 809 1818 sibi
821 1784 879 1818 eum
894 1769 971 1818 soluti
981 1769 1101 1818 clientem
1115 1768 1219 1816 debere.
1242 1766 1335 1832 ltaque

243 1863 301 1900 cum
314 1851 368 1914 jaus
387 1857 446 1898 sote
458 1865 537 1899 anctos
547 1857 600 1899 tres
613 1849 639 1898 id
656 1850 723 1913 juris
734 1850 783 1899 sihi
795 1851 881 1900 Simon
900 1849 1040 1908 strauisset,
1057 1848 1144 1898 edicto
1154 1850 1177 1896 ei
1194 1849 1336 1908 concessit,

243 1937 272 1978 ut
285 1931 419 1992 pecliniam
431 1929 560 1993 publicem
571 1931 687 1986 cuderet,
699 1931 743 1980 sed
756 1945 813 1994 qssae
827 1931 851 1978 in
863 1929 964 1982 tatae
977 1941 1022 1977 usu
1035 1937 1136 1979 tantum
1148 1938 1226 1979 esset.
1253 1937 1260 1958 ¹
1273 1929 1335 1977 Per·

243 2009 320 2060 mitto
330 2009 396 2067 tihi,’
411 2011 505 2075 inquit,
525 2015 532 2040 ¹
546 2009 633 2060 facere
646 2025 823 2074 percussuram
836 2011 932 2076 proprii
945 2009 1104 2060 numismatis
1116 2011 1141 2058 in
1155 2017 1199 2060 tua
1210 2009 1334 2074 regione?

243 2103 263 2140 r.
274 2091 360 2140 Mace.
373 2095 412 2139 tn.
423 2095 448 2141 6.

275 2171 398 2234 Denique
415 2172 483 2234 quod
502 2186 534 2220 ex
554 2172 642 2235 ignoto
661 2173 767 2237 hujusce
791 2171 947 2220 numismatis
965 2172 1117 2220 charactere
1129 2170 1290 2234 potissimam
1303 2185 1335 2218 ac

244 2253 381 2314 perspicue
394 2253 533 2315 colligitur,
545 2253 614 2302 istud
626 2262 676 2316 est,
686 2267 735 2302 non
748 2253 826 2302 luisse
839 2252 900 2302 illud
919 2252 1107 2314 Hierosolymis
1126 2266 1284 2315 percussum.
1296 2251 1334 2300 id·

244 2347 294 2396 quo
312 2340 388 2381 estra
407 2347 508 2382 omnem
526 2334 712 2384 dubitationem
734 2348 800 2382 esse.
835 2333 926 2396 Neque
945 2333 1000 2396 ipso
1021 2333 1099 2394 igitur
1111 2333 1247 2382 character
1258 2333 1336 2392 alter,

242 2413 285 2480 qui
303 2413 470 2462 Sssnsriticus
486 2415 590 2475 dicitur,
608 2423 634 2464 et
654 2417 680 2464 in
698 2415 782 2464 altera
803 2414 898 2475 legitur
914 2415 1009 2462 nstmmi
1030 2414 1133 2476 pagiua,
1149 2413 1337 2476 Hierosolymis

242 2507 343 2556 quoque
355 2509 431 2542 cusus
450 2504 508 2555 est,
526 2510 608 2560 neque
621 2496 664 2544 aiii
683 2494 800 2558 proinde,
812 2495 855 2559 qui
878 2497 972 2544 nummi
989 2495 1064 2557 vulgo
1075 2494 1219 2544 Samaritici
1237 2509 1337 2542 nuncu·

243 2583 348 2637 pantos.
383 2575 442 2624 Fuit
453 2591 513 2638 crgo
524 2576 623 2626 ludaeis
636 2577 773 2640 peregrina
787 2585 896 2639 utraque
912 2574 994 2625 torma
1005 2575 1151 2635 scribendi;
1168 2589 1216 2624 noc
1229 2573 1276 2623 luit
1289 2589 1334 2623 uu-

242 2669 317 2717 quam
338 2656 492 2704 samaritica
511 2657 542 2705 ab
560 2657 622 2719 ipsis
634 2665 750 2720 recepta,
762 2657 815 2706 siue
828 2657 853 2705 in
866 2671 911 2705 usu
923 2671 1007 2715 sacro,
1018 2657 1073 2706 siro
1090 2657 1116 2704 iu
1134 2671 1182 2706 usu
1200 2655 1337 2704 communi.

241 2733 284 2784 An
297 2735 364 2782 enim
379 2735 465 2786 lauat
478 2737 608 2798 patienter
620 2735 718 2787 terrent
731 2740 756 2786 in
769 2753 820 2786 uuo
831 2737 974 2802 eodemque
987 2737 1137 2786 numismate
1149 2751 1206 2786 cum
1222 2733 1335 2799 profanis

242 2815 443 2878 alienigenarum
462 2817 655 2866 characteribus
678 2819 797 2882 conjungi
820 2832 920 2867 sacrum
941 2833 1012 2866 suum
1033 2818 1087 2866 slve
1109 2831 1261 2876 sermonem,
1280 2818 1335 2866 sire

242 2895 438 2947 characterem?
454 2899 520 2946 Sunt
537 2898 625 2963 itaque
643 2899 667 2946 hi
685 2898 735 2948 dsto
746 2898 840 2948 diversi
851 2899 1014 2948 characteres
1026 2899 1099 2948 stssius
1112 2899 1236 2960 civitatis,
1248 2899 1274 2948 iu
1284 2912 1337 2962 qua

242 2985 333 3040 gentes
357 2977 414 3028 doe
431 2978 558 3042 degerent
577 2980 614 3027 ita
630 2981 780 3039 concordes,
797 2989 825 3030 ut
842 2994 914 3028 suum
932 2987 1018 3028 taurea
1036 2980 1185 3042 scitumque
1204 2979 1335 3028 scribendi

241 3070 337 3106 morsus
350 3073 459 3122 qttaque
477 3068 600 3110 servaret.
631 3060 674 3109 Sic
691 3061 845 3110 numismata
863 3061 944 3110 multa
965 3059 1077 3108 ridemus
1096 3059 1222 3122 inscripta
1241 3061 1336 3110 Graece

240 3138 316 3190 sisuul
328 3147 355 3188 et
369 3139 468 3188 Latine.
492 3139 586 3190 Graoa
597 3141 734 3192 literature
746 3143 880 3192 civitatem
892 3140 926 3190 ibi
939 3155 984 3188 seu
996 3149 1098 3190 soteres
1109 3139 1205 3190 incolas
1218 3140 1337 3190 denotas.

241 3218 336 3268 Latina
349 3219 491 3269 Romanum
505 3219 703 3292 Imperatorem,
715 3223 755 3272 vel
772 3223 960 3285 magistratum,
973 3221 1132 3270 colonienses
1145 3236 1176 3270 eo
1188 3220 1338 3270 deductam.

240 3299 365 3366 Ejusdem
376 3299 466 3349 format
484 3307 523 3348 est
538 3302 646 3350 eximius
663 3317 695 3352 ea
714 3318 776 3352 auro
793 3317 920 3364 ιιιιιιιιιιιιι,
937 3316 1013 3365 qoem
1034 3301 1137 3350 Uredua
1155 3298 1232 3350 affert
1248 3316 1274 3364 p.
1294 3305 1336 3352 2⁷.

241 3381 364 3431 Balduisti
378 3395 397 3431 s.
406 3383 450 3446 qui
461 3381 554 3430 Latine
564 3397 596 3430 ex
609 3397 658 3432 una
670 3391 743 3446 parte
756 3384 859 3432 titolum
877 3383 1046 3446 Imperatoris
1063 3382 1181 3444 exhibet,
1198 3397 1232 3432 aa
1251 3383 1337 3432 altera

241 3461 369 3525 Despotm
382 3463 484 3511 titulum
497 3462 599 3514 Groece.
634 3465 692 3514 Non
705 3465 784 3528 igitur
803 3463 990 3526 Hierosolymis
1003 3477 1127 3526 porcttass
1140 3477 1172 3512 ea
1182 3463 1337 3512 numismata

241 3547 318 3592 sunt:
336 3542 542 3611 qrtlandoquidem
554 3544 682 3594 Hebraeus
694 3547 839 3601 character,
852 3559 927 3608 quem
945 3545 972 3594 in
985 3543 1079 3593 Biblils
1091 3543 1209 3606 legimus,
1219 3544 1289 3592 solus
1300 3543 1337 3592 ibi

240 3621 289 3672 l'uit
301 3622 325 3670 ln
337 3637 393 3672 oso.
427 3623 484 3672 Nisi
497 3621 565 3672 torte
578 3626 635 3688 quis
652 3625 792 3682 existimet,
804 3627 882 3674 etism
902 3626 970 3688 qsrod
987 3625 1118 3674 Hebraico
1129 3625 1209 3674 scribi
1222 3625 1246 3673 ia
1260 3625 1338 3674 titulo

241 3701 333 3752 Crucis
341 3701 421 3764 jussit
434 3703 543 3764 Pilatus,
555 3718 586 3753 eo
597 3707 747 3756 charactere
758 3707 882 3770 scriptum
899 3705 989 3764 luisse,
1000 3720 1075 3770 quem
1087 3705 1113 3754 iu
1125 3705 1234 3754 Simonis
1247 3705 1338 3754 Ponti·

240 3781 297 3832 ficis
307 3783 415 3831 nummis
425 3784 562 3847 cernimus,
574 3789 646 3833 anuis
655 3795 715 3835 ante
725 3787 837 3836 Pilatum
846 3800 933 3836 cxxx.
957 3787 1039 3835 Extat
1052 3785 1249 3848 Herodisregis,
1259 3785 1337 3849 cssjus

241 3864 391 3928 principatu
403 3864 521 3912 Christus
534 3875 670 3923 natusest,
682 3867 804 3916 Graecum
817 3869 957 3927 nomisma;
975 3877 1003 3917 et
1015 3867 1077 3916 iliud
1090 3867 1337 3930 ioJudaaquittesu,

241 3953 268 3995 et
281 3945 408 3993 Cesarea
420 3959 434 3992 a
447 3944 547 3994 Graecis
560 3960 720 4008 percussum,
731 3961 780 3996 non
793 3963 807 3996 a
818 3949 918 3999 Judaeis
933 3947 1130 4012 Hierosolymis.

273 4026 333 4076 Non
343 4025 392 4073 slis
403 4025 483 4088 igitar
495 4040 572 4074 causa
583 4027 723 4090 quaerenda
737 4037 787 4090 est,
798 4029 963 4092 quansobrens
974 4029 1085 4080 simonis
1105 4026 1240 4076 Pontificio
1259 4042 1338 4092 pere·

240 4106 321 4168 grissia
333 4105 523 4154 characteribus
535 4121 656 4169 percussa
668 4109 822 4158 numismata
832 4110 892 4172 aiot,
903 4110 951 4158 nisi
960 4111 1020 4174 qnia
1030 4123 1150 4171 percussa
1163 4111 1189 4156 iu
1200 4109 1318 4158 Samaria
1328 4127 1336 4159 s

240 4186 455 4256 quemadmodum
467 4187 534 4238 haud
547 4188 650 4246 aliaest
662 4190 813 4256 inquirenda
826 4205 905 4242 causa
921 4204 969 4242 cur
980 4189 1089 4254 piurima
1101 4189 1271 4242 Romanorum
1284 4189 1338 4240 ins·
