3070 4872
303 389 411 442 NOTAE
437 393 482 440 Ul*
507 392 802 443 nordebertum
825 396 876 446 ΑΒ
901 397 974 444 ΜΒ.
997 395 1080 446 virt.

319 534 410 586 Sidere
421 535 564 598 eoepieiuut
575 531 647 597 egri.
660 535 799 599 teeitieqne
808 536 892 600 supini

320 615 418 664 Culum
429 621 538 664 onerent
550 615 627 673 rotie,
637 621 665 662 et
676 615 771 663 lurniue
781 615 848 665 Solu
856 617 974 680 odorem,

320 695 407 744 Purus
417 695 460 743 nbi
474 695 534 743 Eois
546 695 649 742 rutilum
660 703 739 756 esput
749 697 832 745 exerit
843 697 925 747 trudis.

352 774 418 824 Post
428 774 538 824 domitos
548 774 640 838 thyrsis
648 783 730 839 ortus,
740 775 909 840 Gsngenrque
920 777 1063 842 subrutum,

321 855 388 904 Mite
400 856 468 904 ultro
478 853 581 904 subiere
588 855 679 917 jugum
691 869 832 919 ourrusqne
844 857 924 920 Lyrei.

353 935 498 984 Summieeie
510 935 626 997 genibus,
639 935 816 999 porrectisque
827 944 883 985 erte
894 937 1007 999 corollis,

321 1015 471 1078 Purpureos
483 1029 556 1078 reges
567 1024 727 1078 enpusteque
739 1023 842 1078 seeptre
853 1017 973 1066 seluteut.

354 1097 414 1144 Nou
426 1095 518 1144 obtuse
529 1101 629 1158 gerunt,
640 1094 756 1145 doetisre
768 1096 852 1146 eliens
864 1097 990 1146 Centenis

322 1175 445 1232 Pectore,
456 1173 503 1222 red
514 1173 620 1223 menori
633 1175 746 1225 retinent
755 1175 804 1224 sibi
815 1176 911 1225 tredite
922 1183 1016 1227 mente.

323 1255 440 1304 Sermoni
452 1253 598 1303 eusoultent
609 1256 701 1317 petrio,
712 1263 857 1319 perentque
868 1255 992 1308 mouenti.

325 1333 475 1384 Oheerreut
485 1340 573 1392 nutus,
584 1341 611 1381 et
622 1333 713 1382 herilis
720 1334 795 1397 joses
804 1345 951 1399 oepessunt.

323 1414 430 1466 Quodsi
442 1412 510 1462 forte
521 1412 559 1461 sui
571 1412 690 1462 ediscunt
702 1423 834 1477 precepta
845 1416 959 1477 mepietri

323 1493 441 1554 Tardius,
451 1493 506 1542 lutee
518 1506 604 1542 serurn
614 1501 692 1542 nootn
703 1493 829 1544 rneditete
839 1497 983 1560 requirunt.

325 1573 476 1625 Credimus?
493 1586 526 1620 eu
537 1571 601 1622 felsu
611 1579 700 1622 nerret
711 1575 845 1638 scripsisse
857 1583 983 1636 retnstes,

325 1653 479 1717 Arqirlsque
491 1652 559 1701 notis
570 1652 671 1716 signete
681 1653 785 1704 dieesse
794 1657 910 1718 tropee?

356 1733 389 1782 lu
401 1746 532 1782 numerum
544 1732 645 1796 ludunt,
654 1741 681 1782 et
691 1731 800 1783 flectunt
809 1735 896 1783 mullis
906 1735 984 1784 certis

324 1812 445 1862 Membro
455 1811 547 1875 modis,
559 1819 696 1877 unctoque
707 1813 777 1863 cient
789 1814 925 1864 simuleere
937 1817 1072 1878 peltentre.

324 1893 456 1943 'l'lsreicios
466 1907 614 1954 memorem,
623 1894 703 1942 veluti
716 1894 864 1944 moderante
875 1895 976 1955 Ιιιιίιῐι,

326 1972 502 2035 Congreesne?
518 1979 563 2022 ent
572 1979 601 2021 ut
613 1973 711 2024 celeres
717 1975 818 2037 jaetete
829 1989 877 2038 per
888 1988 963 2022 sures

325 2054 424 2104 Mertie
435 2053 487 2102 tele
498 2051 602 2107 cedent.
610 2053 745 2117 clypeique
758 2062 877 2104 roteutur
888 2055 914 2103 in
926 2053 1027 2104 orbem?

359 2133 435 2182 Addo
449 2145 495 2196 per
505 2139 638 2182 extentum
649 2134 739 2182 eulitoe
751 2135 874 2184 incedere
884 2132 980 2189 fuoeru.

327 2213 505 2276 Sublimesqus
516 2212 611 2274 gredus
622 2212 718 2261 librere
729 2227 777 2275 per
787 2213 859 2276 ι’ἑιι,
870 2213 948 2276 vulgo

327 2292 455 2347 Attonito,
467 2289 615 2355 frustraque
627 2305 718 2354 gretes
729 2298 862 2340 metuente
875 2291 969 2340 ruines.

359 2371 429 2424 Quid
441 2369 509 2436 quod
518 2377 547 2420 et
556 2371 684 2434 ingressos
697 2371 780 2434 plenis
790 2371 907 2420 convivis
918 2370 1020 2431 mensis,

328 2451 484 2502 Aooubitum
496 2450 633 2514 perhibent
647 2450 760 2514 spondes
773 2450 893 2500 treusisse
905 2465 952 2512 per
963 2463 1060 2508 ornnes.

329 2533 388 2582 Neo
399 2537 484 2582 umen
496 2546 510 2580 e
522 2538 591 2580 coetn
603 2545 747 2595 quenquem
759 2531 892 2579 strinxisse
903 2529 1044 2593 frequenti,

328 2613 393 2662 Cum
405 2612 507 2660 eumrnie
518 2625 642 2673 suspense
653 2611 714 2659 toris
726 2611 836 2673 vestigie
846 2609 958 2659 ferrent?

361 2691 511 2741 Prooedunt
523 2691 625 2756 quoties
634 2690 712 2739 motis
724 2689 756 2739 ed
770 2691 861 2753 pebule
872 2691 972 2752 uestris,

327 2773 457 2824 Maximus
469 2785 560 2834 eumen
570 2771 632 2832 egit,
644 2771 714 2830 cepit
724 2771 767 2832 qui
781 2771 912 2833 proximus
924 2783 995 2818 aero:

329 2852 477 2915 Ignotoque
488 2851 559 2900 scies
571 2863 698 2914 nunqueur
709 2850 880 2899 eorunrittitur
890 2848 973 2897 sorni:

329 2932 398 2984 Quin
409 2929 492 2994 repldi
502 2930 639 2994 explorent
647 2929 713 2978 rede
723 2929 832 2993 gurgitis
844 2936 905 2979 ente
915 2928 1035 2996 minores.

360 3012 388 3060 Si
400 3012 456 3074 qnts
468 3011 494 3058 in
506 3011 632 3060 oouultem
645 3007 762 3058 freudem
774 3009 905 3072 delepeus,
916 3015 943 3058 et
955 3007 1014 3057 eltis

328 3089 456 3140 Inciderit
466 3089 564 3150 foreis3
581 3097 636 3140 turn
647 3089 737 3139 sedule
748 3089 822 3138 turbe
834 3087 987 3152 profundens

332 3171 467 3234 Cougeetis
479 3179 600 3234 properet
613 3170 687 3218 renuis
699 3181 802 3233 sequere
812 3169 940 3228 laeuum,

329 3249 486 3300 ineolumem
500 3257 528 3298 ut
540 3249 615 3298 eoelie
627 3247 731 3298 tendens
740 3247 846 3296 solertis
858 3247 959 3296 reddet.

362 3330 438 3380 Nilus
449 3329 533 3378 adnuo
544 3329 660 3378 celebret
672 3328 748 3377 miros
758 3327 832 3376 unius
843 3341 951 3388 eruoree,

331 3411 436 3460 Erereit
447 3410 550 3460 Pherie
562 3409 606 3474 qui
618 3407 736 3473 perditus
748 3408 808 3471 igue
819 3407 922 3471 puelle,

331 3490 500 3554 Certeritqne
512 3489 565 3538 eois
576 3489 683 3538 rirelern
693 3488 825 3552 expellere
836 3486 919 3536 douit.

330 3571 398 3620 Nem
409 3569 485 3618 modo
495 3569 602 3618 colletoe
613 3567 753 3632 trepidenti
765 3582 781 3616 e
792 3565 868 3629 plebe
876 3563 1041 3630 quedreutee,

329 3650 411 3699 Porus
420 3649 496 3698 nrodo
506 3649 639 3697 inrolrene
650 3647 748 3710 gremio
760 3645 856 3695 fortiss
867 3645 984 3706 reducto,

330 3729 385 3779 Per
396 3742 508 3790 oensem,
519 3741 606 3777 roseee
617 3741 693 3776 eurus
705 3733 819 3776 treetere
830 3725 948 3790 pupilles.

331 3811 482 3870 concepere
492 3807 535 3856 elii
547 3807 654 3870 Pepltise
666 3820 767 3871 qnoque
778 3805 875 3855 semine
886 3803 1010 3854 flemme:

332 3889 402 3939 liuio
414 3903 485 3938 seres
497 3887 623 3951 siquiden
636 3887 695 3936 tulit
705 3886 877 3950 unguenterie
887 3899 980 3935 ouree:

331 3968 375 4019 lili
387 3969 505 4018 siqonius
516 3965 619 4016 florenti
631 3973 708 4016 terete
719 3965 875 4014 Menender:

333 4049 414 4112 Cujus
425 4057 453 4098 et
466 4054 572 4110 espeotu
584 4045 720 4108 presentis
731 4045 816 4104 letus,
827 4051 855 4094 et
866 4045 927 4092 sivo

332 4129 454 4178 Absentis
465 4127 619 4176 desiderium
632 4132 742 4174 testatos
751 4125 830 4173 insui.

363 4209 499 4257 Eneuteus
510 4207 571 4256 eolis
582 4205 707 4256 hominene
719 4203 848 4254 deducere
859 4202 946 4265 epiris.
