3148 4880
523 369 608 419 nau.
631 369 730 417 lusu.
756 369 827 417 aiu.
851 355 1007 419 v111.52.
1216 353 1302 419 156³

212 516 318 579 totius
334 513 424 576 oculi
438 509 669 576 versationem
681 514 936 596 circumaspicit.
968 513 1049 595 Ipso
1070 514 1183 576 celsus
1197 513 1301 578 hianti

213 635 343 698 semper
358 634 423 692 ore,
451 614 544 677 solus
565 613 757 677 animalium
781 635 843 678 nec
866 612 962 679 cibol
983 634 1043 678 ncc
1068 621 1151 696 potu
1176 615 1301 692 alitur‚⁵

213 736 275 781 nec
298 715 365 778 alio
394 733 492 797 quam
505 711 591 776 a'dris
612 713 790 777 alimento:
813 717 904 779 circa
919 715 1096 798 caprificos
1108 723 1127 749 ¹¹¹
1141 714 1239 792 serua,
1251 718 1301 778 in-

213 818 334 882 noxius
349 816 487 898 alioqui.
530 813 575 878 Et
590 815 709 878 coloris
730 821 848 878 natura
869 816 1067 880 mirabilior:
1090 822 1196 878 mutat
1210 835 1303 878 nam-

214 937 280 999 quo
306 937 381 982 eum
406 917 558 991 subinde,
583 925 619 979 et
641 917 758 993 ocutis,
787 924 820 980 ot
850 918 972 993 cauda,
1002 925 1035 980 et
1059 925 1134 981 toto
1155 935 1302 999 corporo,

213 1017 388 1102 redditque
414 1037 543 1100 semper
569 1037 808 1100 quemcumque
834 1019 988 1100 proximo
1013 1019 1154 1100 attingit,
1181 1028 1302 1100 practer

214 1121 371 1199 rubrum¹¹
394 1119 649 1202 candidumque.
695 1119 888 1183 Defuncto⁰
912 1119 1021 1201 pallor
1046 1127 1108 1184 est.
1152 1119 1238 1183 Caro
1267 1119 1303 1182 iu

215 1223 326 1303 capite
343 1231 378 1286 ct
401 1221 549 1286 maxillis
571 1225 605 1284 ct
630 1218 674 1282 ad
700 1220 952 1284 commissuram
980 1221 1098 1284 caudae
1124 1221 1304 1284 admodum

214 1323 349 1404 exigua,
364 1343 427 1387 nec
442 1321 544 1387 alibi⁶
559 1326 630 1385 toto
646 1341 802 1404 corpore:
824 1323 958 1404 sanguis
980 1323 1015 1385 in
1030 1322 1155 1397 cordei’
1166 1327 1200 1386 et
1214 1323 1303 1385 circa

214 1425 331 1488 oculos
347 1431 492 1490 tantum:
516 1425 644 1488 viscera
669 1425 738 1486 siue
760 1423 902 1506 splenc.‘¹
945 1423 1115 1506 Hybernis
1137 1424 1304 1487 mensibus

214 1525 309 1602 latet,
323 1535 363 1589 ut
378 1527 528 1590 lacerta.⁷

260 1625 523 1711 u11.(xxxrv.)
556 1626 668 1692 Mutat
682 1626 813 1690 colores
828 1631 863 1690 et
878 1624 1096 1710 Scytharum¹
1122 1621 1303 1700 turandus,⁸

668 1805 698 1824 00
700 1804 803 1825 OOOOOO
804 1805 847 1825 m

215 1953 290 1988 nom:
307 1939 408 2003 maman
418 1940 491 1989 amllt
502 1942 578 1988 modo
602 1939 698 1988 Eminet
709 1943 819 1986 rostrum
821 1944 874 1988 -d
886 1939 927 1988 Ite
944 1937 1019 1988 codd.
1030 1935 1158 1986 Hardoini
1178 1943 1204 1985 et
1216 1936 1305 1987 Dolet

216 2006 277 2052 rtem
288 2003 347 2054 edd
359 2005 486 2053 llardoin.
500 2009 523 2053 l.
534 2009 558 2052 2.
569 2009 592 2053 ³.
606 2006 701 2052 Miller.
716 2005 822 2065 Blpont.
830 2011 858 2052 et
869 2004 958 2052 Franz
970 2003 1144 2052 neutrarum
1155 2001 1305 2051 (ironeaet

215 2069 276 2118 edd
289 2075 400 2118 nette-d
418 2070 479 2118 Vct.
492 2071 583 2118 Dniec.
594 2074 798 2131 necpotueemper
806 2068 884 2116 nttrer.
885 2072 933 2116 -o
950 2069 1010 2116 Vct.
1021 2068 1113 2116 Delec.
1126 2067 1305 2116 medicati.-

215 2135 231 2180 2
250 2132 290 2182 lta
300 2133 376 2182 codd
388 2133 476 2182 Doleo.
488 2139 515 2181 et
526 2135 619 2182 ineerta
630 2132 689 2180 edd
701 2139 762 2181 note
771 2133 882 2181 Brotrer

249 2196 315 2247 Car.
328 2210 375 2247 ιιι.
393 2201 406 2246 1
424 2197 488 2248 Cod.
499 2199 591 2246 Doleo.
604 2198 686 2246 Mutat
702 2197 789 2245 colom
805 2195 952 2259 Scyllarum,
964 2195 1057 2244 omissa
1074 2195 1257 2258 conjonctione
1271 2199 1304 2243 et.

710 2357 816 2410 NO'l'AE

247 2455 259 2489 ⁸
278 2455 428 2519 Veneticae]
446 2457 488 2505 lte
499 2456 562 2506 Mes.
575 2469 663 2505 omnen
675 2453 741 2506 fere.
778 2462 807 2503 et
819 2453 915 2510 Selino,
928 2453 988 2502 loeir
1004 2452 1099 2514 citatis,
1115 2451 1306 2514 Theophrastus

220 2532 302 2595 Editi,
311 2533 426 2581 canone.
778 2532 805 2580 'ra
817 2529 967 2594 fragmento,
979 2529 1011 2579 de
1024 2529 1174 2578 enirualibns
1185 2542 1243 2592 qnoe
1260 2543 1305 2577 co·

247 2603 322 2655 ¹Nec
340 2607 402 2669 eido]
425 2607 527 2655 Falsum
544 2607 742 2672 troanequeab
779 2608 858 2656 loram
870 2612 977 2655 mutent.
1010 2605 1123 2654 AElinnue
1140 2603 1307 2652 temcnlliit.

218 2680 357 2731 Aristotele
390 2681 536 2745 proditum:
563 2685 613 2732 etri
635 2684 742 2732 aliorum
780 2683 865 2730 duint.
876 2695 906 2730 rr.
918 2685 958 2731 rt.
972 2688 1000 2729 et
1017 2680 1162 2730 Anatomicl
1174 2680 1318 2728 Paridem·

216 2757 374 2806 eruditorum
387 2759 477 2806 animle
488 2761 542 2807 lraec
551 2759 742 2822 opiniodudnro
780 2773 821 2808 ren
837 2757 922 2806 albam
935 2758 1010 2806 etiem
1021 2757 1133 2806 colorem
1145 2756 1171 2805 iu
1183 2769 1214 2805 eo
1226 2755 1305 2804 anim·

216 2833 319 2884 incedit.
345 2835 437 2884 AElinn.
448 2836 517 2884 llirt.
530 2835 742 2886 dalmairaci.
780 2835 914 2884 adversum
928 2841 1065 2884 tentantur.

216 2921 331 2973 pugnare
342 2911 470 2960 interdurn
482 2927 540 2960 cum
551 2920 673 2974 cernente
684 2912 743 2962 clre-
811 2918 824 2942 ⁰
840 2909 972 2972 Defuncto]
997 2907 1078 2958 Arirt.
1089 2915 1115 2956 ot
1131 2907 1233 2957 Solioor
1244 2906 1307 2954 locis

216 2987 376 3049 metrodoro,
387 2988 438 3036 cibi
450 2988 545 3052 laabin,
554 3004 587 3038 ex
596 2989 744 3040 Alexandro
781 2987 827 3036 cit.

216 3061 324 3122 Myndio
332 3071 454 3111 tertarum
464 3065 576 3126 reliquit
590 3063 668 3114 Joao.
678 3065 743 3114 Bro·
813 3064 948 3126 'Sanguis
963 3063 990 3110 in
1006 3061 1086 3123 cordo]
1110 3062 1190 3111 Arist.
1201 3062 1251 3110 loc.
1263 3061 1309 3110 cit.

216 3135 446 3186 doeorlllircellan.
459 3152 495 3186 ur.
503 3143 545 3188 21.
557 3138 744 3189 etAnrtomici
782 3141 941 3190 Pnririenner
963 3146 1048 3191 tameo
1068 3137 1225 3198 anatomici,
1248 3151 1307 3201 pag.

217 3212 388 3273 l'eririenrer⁹
412 3227 477 3262 nnnc
502 3219 574 3264 1262.
597 3216 743 3277 operirent
781 3219 821 3265 ³³.
834 3223 890 3265 toto
901 3229 1012 3278 corpore
1024 3229 1172 3278 sangumem
1192 3228 1248 3263 erre
1268 3213 1308 3308 lo·

216 3301 277 3350 pag.
288 3293 329 3337 ³³.
341 3290 453 3352 linguam
470 3291 493 3339 ei
509 3296 638 3340 tentantur
660 3291 744 3341 inerte
781 3306 836 3340 euni
848 3291 927 3340 aiunt.

219 3363 387 3449 prolongem,
408 3367 432 3414 in
451 3373 568 3416 extreme
581 3374 655 3428 parte
667 3367 744 3431 gluti·
813 3375 826 3409 2
847 3368 944 3418 Viscera
960 3367 1011 3415 riae
1029 3367 1119 3430 eplere]
1137 3364 1239 3428 Spionia
1253 3379 1309 3414 ver-

217 3451 317 3497 notam,
328 3439 399 3501 cojur
409 3441 544 3503 repentino
552 3441 744 3504 jucolntunrua-
782 3443 871 3506 ligium
884 3444 979 3492 nullum
991 3441 1084 3491 ridirtc
1103 3456 1130 3490 ce
1149 3440 1225 3489 iidem
1238 3439 1309 3488 Ane-

217 3529 271 3576 cae‚
289 3515 395 3574 euticen,
413 3514 545 3579 fornicar,
566 3511 665 3566 vermes
685 3533 746 3583 cap·
781 3521 868 3568 taurici
890 3517 1016 3572 letentur.
1036 3520 1149 3580 parm.
1183 3516 1241 3566 Non
1254 3531 1310 3564 eise

219 3599 267 3646 tet,
278 3592 443 3656 attralratque
453 3593 479 3640 in
491 3607 519 3642 oe
531 3609 538 3643 r
556 3595 676 3656 rirrntque
688 3608 719 3643 ea
729 3610 745 3643 a
781 3594 949 3656 conspicuum
962 3593 1057 3654 potior,
1065 3605 1139 3652 qrranr
1151 3591 1254 3638 omnino
1264 3589 1308 3638 de-

217 3680 245 3714 re
257 3667 282 3714 io
295 3669 437 3716 ventriculo
449 3669 628 3718 cltumaeleonir
640 3670 744 3720 dierecti
781 3684 837 3718 erre
859 3669 983 3730 »plenemj
1005 3666 1153 3715 Aristotelis
1181 3668 1310 3715 contentia

219 3757 276 3791 erse
288 3753 401 3805 reperta.
781 3759 837 3793 erse
850 3745 962 3806 ridetur,
974 3743 1118 3804 scribentis,
1134 3743 1229 3797 σπλῆνα
1238 3741 1258 3788 δ’
1271 3743 1309 3790 οὐ·

250 3827 267 3851 ¹²¹
285 3820 356 3868 Circe
372 3820 505 3884 caprificos]
526 3821 601 3870 Circa
620 3821 674 3870 dier
696 3823 744 3872 Cn·
781 3819 1029 3882 δαμοῦὲχιιφανερόν.
1049 3819 1310 3880 Viremoporronuoc

218 3896 365 3958 pernotata,
392 3912 436 3944 reu
458 3898 632 3960 Caniculam,
654 3899 744 3961 quibua
782 3898 903 3946 interiora
915 3895 1070 3958 significant,
1081 3901 1108 3942 et
1128 3894 1249 3957 quicquid
1262 3893 1309 3942 urb

217 3975 265 4022 rub
277 3972 404 4034 Cepritico
419 3987 494 4022 tacra
508 3973 641 4023 iaciebant
652 3975 745 4024 Volca-
783 3973 853 4021 corio
865 3981 921 4021 ert:
942 3987 992 4034 quo
1005 3985 1079 4020 censu
1092 3969 1177 4032 Maro,
1196 3969 1249 4017 ‘Et
1262 3970 1310 4017 ule·

219 4063 270 4097 nor
296 4050 357 4098 inde
378 4063 481 4098 nomen·
524 4050 590 4099 Vide
613 4050 696 4100 Notae
718 4059 745 4101 et
782 4047 970 4098 cerenodarit.'

221 4123 476 4174 Ernendmrumldd.
820 4134 831 4158 ¹
858 4124 992 4186 Turandur]
1027 4121 1168 4183 Hesychia,
1185 4119 1309 4183 raama

227 4258 232 4266 x
253 4205 265 4232 ²¹
282 4199 375 4250 Praeter
386 4200 494 4266 remum]
513 4203 584 4254 Fecit
594 4217 650 4254 cunr
664 4205 744 4257 Arist.
784 4201 847 4266 ζῶον
860 4199 941 4264 ἐλάφῳ
959 4197 1131 4264 παραπλήσιον,
1145 4196 1209 4246 cerni
1224 4196 1308 4248 statu.
