3146 4870
223 417 229 428 ·
271 393 357 460 1252
739 411 788 456 uu
811 405 897 460 stru

302 561 438 628 supremis
447 567 531 610 tamen
542 561 622 612 Josrre
635 559 802 624 temporibus,
812 574 869 610 curn
882 575 914 611 ea
932 561 1003 624 regio
1010 561 1087 624 jussu
1105 561 1186 625 ipaius
1197 561 1361 625 lustraretur,

271 643 303 694 ad
315 641 508 694 constituendos
519 640 583 690 fines
595 641 748 703 singularum
761 638 882 695 tribuum,
894 641 970 690 etiam
986 641 1070 706 aliqua
1082 655 1140 705 pars
1151 643 1268 705 superior
1278 643 1360 694 amnia

271 723 402 788 appellata
411 719 528 772 fortassis
538 721 659 773 Jordauis
670 729 725 781 est,
744 721 809 783 sire,
820 727 849 770 ut
860 737 875 770 a
887 719 1024 772 Bnnfrerio
1036 721 1112 772 rideo
1121 721 1255 786 appellari,
1265 723 1360 776 Jorda-

269 806 308 853 nis
321 803 417 851 urinor:
437 801 470 852 ob
483 801 561 851 rerba
571 802 652 853 Josue
663 815 722 852 arx.
734 805 775 852 2³.
787 801 832 850 sed
844 800 971 862 fortassis,
980 803 1099 866 inannr;
1117 817 1199 868 neque
1213 803 1358 854 enirnistnd

269 899 302 934 ers
321 898 352 932 co
370 883 448 934 etlam
467 883 523 931 loco
544 881 641 946 liquido
661 882 801 946 colligitur.
834 881 871 931 At
891 883 961 945 prius
978 883 1026 932 sub
1044 883 1130 960 que,
1150 883 1251 934 nonnisi
1264 885 1272 912 ‘
1284 883 1358 941 lona,'

268 975 296 1014 et
307 966 315 993 ‘
325 962 383 1014 lons
395 962 538 1026 Daplruiru’
550 963 681 1026 appellata
693 977 725 1012 ea
736 977 795 1026 pars
807 962 887 1012 amuis
899 969 949 1025 est,
961 977 1019 1026 quse
1029 971 1139 1014 estante
1149 965 1232 1014 lacum
1242 963 1358 1014 Tiberia·

268 1045 317 1106 dis,
330 1051 358 1092 ut
368 1050 477 1107 apparet
488 1057 520 1091 ex
532 1043 589 1091 loco
602 1041 772 1092 Nusuerorum
785 1044 872 1092 allato.
921 1077 924 1084 -

300 1124 432 1188 Daphnim
440 1129 526 1172 auteur
538 1126 640 1185 opertet
652 1136 717 1184 ease,
729 1129 757 1172 ut
768 1131 855 1172 cetera
865 1123 948 1172 omnia
956 1137 1014 1187 quas
1030 1124 1057 1172 in
1067 1125 1116 1174 lroe
1127 1124 1213 1187 capite
1224 1124 1357 1188 appellan-

267 1212 311 1256 tur
322 1203 425 1254 nomina
438 1201 552 1266 propria,
561 1200 700 1251 Habrrennr
713 1215 805 1250 nomeu
816 1216 822 1247 ι
840 1202 937 1252 nullutn
949 1203 1015 1252 euim
1027 1203 1052 1254 ln
1064 1204 1102 1252 bia
1115 1205 1232 1252 Latinum
1243 1209 1290 1254 eat.
1309 1205 1358 1254 Eat

266 1287 355 1348 igitur,
366 1291 395 1332 ut
407 1297 475 1332 nnuc
484 1280 587 1346 quidem
599 1281 709 1343 ridetur,
720 1285 728 1310 ‘
738 1282 795 1333 fona
808 1283 955 1346 Daphnim,'
970 1282 1025 1332 sens
1037 1284 1175 1344 isuroruns,
1185 1283 1218 1334 ob
1235 1284 1319 1333 lauros
1330 1285 1356 1334 in

266 1367 324 1428 ripa
337 1365 455 1415 consitas.
489 1363 556 1412 Nam
575 1363 661 1412 lauros
679 1363 705 1411 in
722 1363 770 1414 lroc
788 1370 874 1413 tractu
891 1362 979 1427 luisse,
994 1363 1112 1428 (tametsi
1126 1364 1209 1414 nullas
1219 1364 1246 1412 in
1258 1364 1357 1428 reliqua

266 1447 346 1496 Terra
357 1451 447 1494 saneta
459 1443 529 1494 Libri
544 1443 618 1493 Sacri
634 1442 781 1507 exhibent.)
797 1457 848 1494 neu
860 1443 954 1495 ricinia
972 1443 1075 1510 quidem
1096 1443 1240 1494 Antiochia
1254 1443 1356 1502 suadet,

267 1542 323 1591 quar
336 1524 368 1576 sd
380 1525 508 1588 Depbneu
520 1523 625 1584 dicitur,
642 1530 667 1573 at
678 1523 738 1572 lriuc
750 1524 853 1584 ridetur
864 1525 954 1575 abesse
966 1527 1024 1590 plns
1036 1525 1168 1587 octogiuta
1177 1523 1286 1574 millibus
1298 1539 1357 1590 pas·

265 1622 349 1669 suum,
363 1605 408 1655 sed
426 1602 494 1669 qnod
515 1604 653 1654 etiamnum
672 1613 728 1654 stara
740 1605 831 1668 duplas
842 1604 932 1656 dicunt
944 1605 1045 1655 Rabiri·
1056 1619 1103 1670 pro
1120 1606 1208 1667 lustror
1223 1604 1291 1670 qued
1312 1605 1355 1656 isti

237 1727 241 1736 .
265 1687 369 1752 quidem
387 1685 493 1734 verbum
510 1699 542 1733 ex
554 1683 735 1747 Graecnddorq
746 1683 865 1735 fortassis
876 1699 1016 1750 accepere;
1033 1684 1079 1736 sed
1097 1685 1168 1748 prius
1186 1699 1218 1736 ex
1235 1685 1356 1735 Hebrais

263 1765 333 1816 istud
353 1764 484 1826 accepisse
503 1762 609 1812 Grecos
630 1764 803 1814 uerisimiliter
821 1779 854 1814 ιιι
872 1765 920 1815 boc
938 1765 1159 1829 lococolligimns.
1192 1766 1257 1815 cnm
1268 1772 1355 1816 antena

264 1861 314 1895 ross
325 1845 384 1894 illa‘
399 1841 540 1908 Daplrnim'
557 1843 624 1892 absit
639 1844 672 1894 ab
691 1843 810 1894 llebrmis
827 1843 966 1908 codicibus,
985 1853 1015 1895 nt
1032 1859 1098 1896 nunc
1116 1854 1185 1907 snut,
1201 1845 1272 1909 (nam
1284 1845 1311 1896 ln
1322 1846 1353 1896 iis

264 1924 422 1974 solummodo
441 1924 559 1988 legimus,
578 1925 689 1973 ‘contra
711 1923 841 1989 lentem,')
864 1935 1015 1989 argumente
1034 1926 1101 1976 istud
1122 1935 1172 1988 eat,
1191 1933 1285 1990 prater
1303 1927 1354 1977 alia

263 2006 359 2056 multa:
379 2004 519 2067 Vulgarum
537 2003 712 2067 Interpretem
730 2005 810 2054 multo
827 2005 1045 2070 emendatioribus
1064 2007 1173 2070 aliisque
1190 2021 1261 2065 uann
1273 2006 1354 2058 fuisse

263 2085 453 2148 exemplaribus
465 2083 596 2146 Hebraeis,
607 2097 682 2148 quam
695 2099 752 2148 qua
771 2099 839 2134 nnnc
855 2091 954 2139 extant,
972 2093 1001 2136 nt
1019 2086 1143 2136 Praelatio
1155 2086 1276 2137 admonet
1288 2103 1354 2150 prar-

263 2167 314 2215 dua
331 2165 435 2228 Bibliis,
451 2179 481 2214 ae
496 2165 557 2228 jure
574 2163 656 2213 rideri
678 2164 789 2216 ludrica
810 2178 876 2227 esse,
893 2179 950 2230 quar
967 2180 1034 2214 nrruc
1052 2165 1185 2221 babemus,
1209 2167 1353 2218 lsradlitica

261 2247 314 2296 sire
326 2245 436 2295 Gallina
448 2243 527 2293 luisse
539 2258 578 2306 ea,
589 2257 622 2293 ex
633 2244 725 2307 quibus
737 2251 797 2292 ante
810 2243 889 2306 ipsam
902 2243 995 2293 eluisti
1010 2251 1113 2294 aetatem
1131 2243 1201 2294 lacta
1212 2246 1246 2294 sit
1258 2247 1352 2298 Latina

262 2326 405 2376 translatio.
434 2325 469 2373 Et
480 2332 519 2374 est
530 2321 587 2382 lons
598 2323 640 2372 ille
652 2325 784 2388 ceteroqui
797 2325 822 2372 in
835 2324 952 2389 Galilaea,
964 2339 993 2374 ae
1006 2325 1114 2388 proinde
1132 2325 1247 2374 Galilais
1259 2328 1352 2391 notior,

261 2420 336 2470 quam
347 2404 464 2464 ,iudeis5
482 2404 524 2468 qui
538 2403 653 2467 ignotum
666 2403 712 2452 sibi
732 2418 824 2453 nomeu
842 2403 909 2454 forte
924 2407 1103 2468 neglexerunt.
1130 2405 1165 2454 Ut
1176 2412 1205 2454 nt
1216 2413 1265 2460 eat,
1276 2407 1284 2432 ι
1294 2405 1351 2456 iona

261 2485 407 2550 Daplruim’
419 2485 461 2533 ille
470 2484 524 2547 ipse
534 2481 589 2532 tous
600 2490 649 2543 est,
660 2485 703 2548 qul
721 2483 753 2532 ab
765 2485 820 2547 ipso
833 2485 921 2534 mundi
936 2487 1005 2534 initio
1017 2484 1190 2536 ‘ascendebat
1202 2499 1216 2534 e
1229 2493 1307 2549 terra,
1318 2487 1351 2535 ir·

260 2569 346 2631 rigans
358 2567 501 2614 universam
510 2562 672 2628 superficiem
685 2564 781 2614 terres!
815 2567 822 2592 ¹
835 2566 963 2616 Universa
974 2566 1058 2616 terra'
1068 2573 1164 2622 autem,
1178 2566 1252 2629 cujus
1261 2581 1350 2630 snper·

260 2646 344 2698 briem
357 2645 412 2696 tous
422 2644 553 2707 irrigabat,
572 2652 612 2693 est
627 2652 724 2694 tractus
740 2645 783 2694 ille
801 2646 967 2703 solummodo,
984 2661 1059 2710 qnenr
1079 2646 1160 2696 arania
1173 2647 1254 2703 alluit,
1266 2647 1350 2710 prins·

260 2741 336 2792 quam
348 2729 373 2774 in
386 2727 469 2774 lacum
481 2725 648 2786 Genesaram,
660 2725 714 2774 aire
732 2725 885 2788 Tiberiadis,
901 2727 1031 2776 illabetur.
1064 2727 1107 2776 Sic
1123 2727 1191 2776 euim
1207 2727 1274 2776 Gen.
1285 2739 1349 2777 xrrr.

259 2813 284 2857 a.
301 2807 386 2856 ‘dixit
397 2805 491 2856 Abram
508 2805 539 2854 ad
553 2805 610 2854 Lot.
624 2839 630 2853 .
643 2839 665 2856 ..
681 2805 750 2856 Ecce
763 2806 883 2856 universa
903 2815 972 2857 terra
992 2821 1076 2856 coram
1096 2813 1122 2854 te
1142 2805 1212 2855 est:’
1229 2807 1278 2856 boe
1297 2815 1349 2870 est,

261 2896 329 2938 terre
340 2902 384 2936 seu
396 2885 466 2950 regio
476 2885 662 2948 eircumjsceus
674 2885 699 2934 in
710 2899 741 2934 eo
753 2891 847 2936 tractu.

257 3090 314 3151 tt.
340 3085 485 3150 Explicatio
509 3099 597 3134 versus
619 3086 719 3136 oetasi:
748 3084 934 3134 ‘Plautarerat
952 3057 1038 3134 autem
1063 3083 1189 3134 Dominus
1212 3083 1282 3133 Deus
1302 3098 1346 3148 pa-

288 3167 401 3217 radisum
421 3165 560 3229 uoluptatis
581 3181 595 3214 a
615 3165 756 3230 principio:
786 3166 811 3213 iu
833 3179 883 3229 quo
906 3164 991 3229 posuit
1010 3165 1136 3214 bominem
1157 3179 1231 3228 quesn
1253 3163 1346 3214 ferma·

289 3246 382 3298 uerat.⁹

288 3361 493 3410 ‘Planturerat’
515 3359 672 3408 Consererst
685 3357 779 3420 plantis
790 3373 834 3406 seu
848 3359 974 3422 uirgultis,
983 3359 1067 3422 qualia
1080 3366 1346 3414 commemoratarum

257 3457 332 3492 uersu
345 3441 444 3506 quinto,
455 3440 539 3488 locuni
551 3437 715 3502 pectiliarent,
728 3443 757 3486 ut
769 3446 838 3487 esset
851 3439 871 3488 is
881 3439 972 3488 bertus
982 3453 1027 3492 seu
1040 3439 1178 3490 Paradisua
1189 3441 1346 3505 celeumatis,

256 3531 283 3572 et
304 3535 380 3586 quem
398 3527 474 3569 extra
496 3518 647 3568 Paradisum
673 3519 800 3567 nerninem
824 3519 950 3579 condidit,
972 3521 998 3568 iu
1023 3533 1054 3569 ee
1080 3522 1243 3584 postmodum
1265 3524 1345 3572 eolle-

256 3603 335 3650 cauit.

286 3684 294 3709 ‘
307 3680 459 3728 Paradisum
472 3677 629 3741 uoluptatis.'
658 3676 796 3738 Hebraice,
805 3689 902 3740 trun-ra
911 3680 988 3742 ghae-
1001 3681 1100 3730 beedes:
1117 3679 1186 3744 quod
1195 3683 1258 3730 resti
1269 3695 1344 3744 oper.

255 3769 310 3809 tere
328 3759 546 3808 Hebraiaautilsus
562 3757 673 3820 ridetur,
684 3757 826 3806 Paradisum
836 3759 862 3808 iu
877 3761 957 3808 Edere:
974 3761 1093 3824 queniam
1108 3759 1170 3806 illud
1186 3771 1214 3818 ι,
1225 3761 1293 3824 quod
1304 3762 1343 3810 in·

253 3840 318 3905 quit,
331 3839 424 3886 Latine
442 3835 509 3883 idern
520 3837 589 3884 ralet
604 3849 634 3884 ac
652 3835 800 3898 prepositio
817 3837 853 3898 ia,
864 3837 915 3887 loei
927 3837 1004 3887 situm
1016 3838 1121 3887 iudicat.
1146 3837 1260 3888 Perinde
1272 3843 1343 3904 quasi

253 3931 303 3967 nou
320 3923 348 3966 et
367 3914 516 3978 qualitatem
533 3913 570 3962 rci
589 3926 620 3962 ac
637 3911 740 3962 mudum
760 3928 881 3980 peraeque
899 3915 1033 3980 designet:
1051 3916 1194 3978 cujusmodi
1214 3917 1277 3966 illud
1293 3927 1344 3983 est,

253 3997 320 4046 Gen.
334 4007 376 4044 ιιι.
390 3996 429 4043 ill.
454 3991 607 4041 ‘Inanslore
625 4002 687 4048 nrt:
705 3991 810 4042 herebit
829 3995 914 4042 uultus
933 3995 970 4043 tui
987 3997 1098 4044 vesceris
1116 3995 1201 4058 pane·'
1225 3997 1261 4046 Et
1273 3997 1340 4048 Gen.

252 4090 352 4128 xxxiv.
365 4079 404 4124 lt.
422 4075 430 4102 ⁴
443 4072 643 4136 Responderunt
655 4071 700 4122 lilii
710 4072 792 4123 Jacob
803 4073 903 4124 Siclresn
920 4085 946 4125 et
959 4077 1026 4138 patri
1038 4076 1094 4140 ejus
1105 4089 1193 4128 nunna
1205 4075 1342 4141 lemirruol,

252 4159 278 4206 iu
290 4155 367 4206 dolo.’
401 4153 492 4218 ltaque
502 4154 553 4202 iste
570 4154 646 4204 ctiam
659 4153 715 4202 leco
728 4153 877 4217 qualitatem
893 4155 959 4206 berti
972 4155 1088 4219 denotat,
1105 4157 1257 4208 Paradisum
1271 4161 1341 4210 ride·

251 4239 312 4287 licet
323 4239 348 4286 iu
360 4237 509 4300 uoluptate:
530 4233 554 4284 id
570 4233 638 4298 quod
651 4233 747 4286 rectius
758 4234 867 4298 exprimi
880 4235 960 4285 sensit
972 4236 1101 4300 vulgatus
1113 4236 1257 4302 Interpres,
1269 4241 1289 4288 si
1301 4243 1339 4290 di·
