3148 4880
534 421 620 468 ιιι.
643 421 742 472 ursa.
765 423 838 470 ιιι.
863 423 942 470 νιιι.
962 409 995 471 4.
1218 409 1297 476 1491

220 559 381 628 deciduos
397 583 479 628 casu
497 565 622 648 aliquo,
639 567 693 630 rel
714 572 846 630 senecta
868 563 1069 632 defodiens.
1100 565 1178 630 Hoc
1194 567 1302 633 sulum

220 665 302 728 ebur
326 671 391 730 est:
420 673 558 744 cetero,i
579 674 614 733 et
635 669 668 731 in
693 669 746 733 his
767 687 911 752 quoque,
936 686 1003 750 qua
1029 685 1153 749 corpus
1175 669 1303 750 intexit,

219 767 335 831 vilitas
357 775 481 833 nesea-²
525 767 722 854 Quanquam
744 778 869 854 nuper3
897 789 977 834 ossa
999 769 1097 834 etiam
1113 771 1146 834 iu
1161 769 1303 838 laminae

219 870 324 933 secari
339 888 473 951 coepcre
487 873 645 953 penuria!
690 872 819 936 Etenim
839 891 913 936 rara
926 872 1112 954 amplitudo
1128 873 1201 957 jam
1226 873 1305 938 dcu-

219 971 312 1047 tium,
328 977 547 1056 praeterquam
563 992 606 1036 ex
622 973 731 1052 India,
745 975 923 1056 reperitur:
940 979 1049 1038 cetera
1059 976 1213 1040 innostro
1223 977 1304 1042 orbe

220 1091 348 1136 cessere
367 1071 531 1137 Ιιιιιιιιίει.11
575 1075 734 1140 Dentinm
760 1071 921 1138 candore¹
944 1075 1134 1156 intelligitur
1152 1075 1305 1158 juventu.

219 1173 318 1238 Cir'ca
333 1174 395 1237 hoe
409 1175 555 1238 belluis⁴
577 1195 705 1240 summa
719 1195 817 1240 cura:
840 1176 976 1239 alterius
990 1179 1140 1240 mucroni
1155 1187 1304 1260 parcunt,

217 1295 259 1340 ne
273 1277 316 1339 sit
330 1277 454 1358 praeliis
468 1275 589 1340 hebes:
612 1277 747 1341 alterins
762 1275 917 1360 operario
939 1295 1000 1340 usu
1020 1275 1151 1340 lodinnt
1163 1277 1305 1352 radices,

218 1377 394 1459 impellunt
409 1377 535 1442 mulce:
552 1377 834 1460 circumventique
848 1376 1083 1454 avenantibus,
1094 1377 1306 1459 primoeccn-

218 1479 367 1554 alituum,
394 1479 516 1560 quihus
538 1487 616 1542 sunt
637 1475 782 1554 minimi,j
805 1497 845 1542 ne
868 1477 953 1542 tanti
975 1477 1126 1560 praelium
1148 1485 1305 1560 putaturr

217 1569 334 1662 postea
347 1581 439 1657 sessi,
453 1577 639 1663 impactos*
654 1581 763 1644 arbori
778 1579 941 1662 frangunt,
956 1578 1140 1662 praedaque
1162 1600 1199 1644 se
1220 1582 1305 1646 redi·

218 1689 323 1746 munt.

251 1853 262 1886 ⁶
279 1856 384 1905 Penuria
395 1856 478 1906 thoria.

674 1981 778 2005 ΙΙΙΙΙΙ
780 1981 855 2002 m

218 2113 260 2163 ine
270 2127 352 2175 cernua
362 2113 479 2163 intexitur
487 2114 569 2164 viliter
579 2129 642 2165 creec
653 2115 713 2166 Vel.
726 2118 816 2166 Dalec.
834 2116 885 2166 Alii
903 2131 945 2180 ap.
957 2117 1046 2165 Dulce.
1057 2117 1148 2165 celeria
1173 2115 1241 2164 «ilua
1249 2130 1305 2178 quc·

217 2192 260 2240 qur
278 2191 368 2240 corpur,
377 2180 416 2238 qr.
449 2179 502 2227 Alii
514 2193 555 2241 ap.
566 2179 685 2239 eundem,
703 2181 812 2230 cererem
822 2181 848 2230 ia
858 2183 889 2230 iia
900 2181 983 2243 quihus
991 2195 1081 2242 corpas,
1090 2181 1131 2242 tre.
1157 2132 1239 2230 ἕῖΙιίθὶ.
1250 2181 1306 2228 uili·

218 2247 256 2290 tur
273 2245 382 2290 orec-a
399 2241 532 2304 Aliquuqru
548 2258 621 2304 nuper
631 2243 689 2292 cod.
707 2245 800 2294 Dulce.
811 2253 838 2292 ct
850 2259 908 2294 mcx
921 2245 945 2292 in
958 2245 1047 2293 ecdem
1060 2245 1160 2303 codice,
1175 2241 1306 2305 amplitude
1399 2255 1403 2264 ·

210 2305 436 2434 ygqquanqihea.-l
455 2305 657 2356 Circuulicrllelli
674 2305 759 2358 Chiffl.
781 2309 853 2358 Circa
871 2309 912 2357 hoa
929 2308 981 2357 belli
1000 2309 1075 2357 codd.
1093 2307 1186 2356 Dulce.
1205 2315 1234 2356 et
1245 2307 1305 2356 Vct.

705 2481 729 2530 N
733 2481 811 2532 01*AE

218 2590 313 2627 curcur
336 2576 405 2624 eninr
428 2575 541 2624 caterine
563 2589 610 2638 per
630 2575 741 2625 frontem
783 2575 919 2640 dcqnidern
941 2589 989 2639 qua
1009 2582 1081 2639 perte
1101 2576 1182 2624 latent
1202 2574 1305 2624 chductl

218 2659 324 2714 exeunt,
346 2659 373 2700 et
395 2653 421 2699 in
447 2665 478 2699 ea
501 2651 688 2714 protuberent:
715 2658 743 2700 ut
782 2651 838 2714 inec
850 2651 941 2700 hellue
953 2663 1060 2712 corpore
1069 2649 1224 2713 maxillaque
1233 2649 1308 2710 teeti,

217 2728 309 2777 <lenter
321 2735 347 2775 ct
359 2728 424 2776 ebur
442 2739 489 2790 per
505 2741 533 2774 cr
551 2733 656 2786 exeunt,
672 2733 699 2775 ct
717 2727 742 2776 ln
781 2725 847 2774 cetei
867 2741 897 2775 uc
920 2725 983 2774 viler
1004 2725 1027 2772 lri
1045 2725 1149 2788 quidem
1170 2731 1238 2786 eruut,
1256 2737 1305 2773 nec

218 2804 327 2867 gingivis
357 2802 456 2852 radices
487 2801 592 2851 hahent·
640 2803 742 2852 Deinde
782 2801 866 2850 choris
879 2801 989 2864 pretinm
1002 2800 1130 2848 obtinent.

218 2895 298 2930 cornu
316 2879 466 2941 translucet,
477 2878 498 2926 ei
511 2891 558 2940 per
569 2884 660 2927 tenure
672 2878 743 2927 lemi-
814 2875 825 2908 ¹¹
844 2877 940 2926 Creme
949 2876 1063 2939 lucarie]
1089 2875 1199 2926 Luxuria
1211 2881 1307 2937 uentre,

217 2971 263 3006 nae
283 2962 384 3006 necetur
403 2963 431 3004 et
448 2955 591 3018 levigetur:
610 2954 674 3004 ehnr
690 2969 741 3005 non
782 2951 1307 3018 inquit,ahrnmeitnrnneehnrhujaenne·

218 3033 371 3080 trnnrlucet.
405 3031 492 3080 Cornu
510 3044 556 3093 per
567 3030 742 3082 ebullitionem
783 3029 815 3078 tri
835 3029 919 3077 orbiu:
938 3027 1003 3076 aden
1022 3033 1051 3075 nt
1065 3027 1118 3088 jam
1135 3025 1161 3074 id
1182 3039 1214 3072 ex
1231 3025 1306 3073 lurlin

218 3108 244 3156 lu
268 3121 333 3171 aqna
361 3105 478 3155 fervente
507 3106 642 3170 mollescit,
664 3114 691 3155 et
712 3107 742 3156 tit
782 3099 1235 3166 petereprnpernudnmnecerreeit.

219 3183 332 3232 ductile:
356 3181 420 3230 ebur
439 3180 551 3229 minime.
591 3181 633 3229 De
651 3181 742 3230 codem
813 3176 952 3224 ¹Deatiem
972 3175 1083 3236 cunam]
1111 3174 1177 3223 llaec
1196 3173 1306 3223 totidem

219 3265 371 3320 erqrnnentu
379 3255 596 3305 concertationem
605 3256 684 3309 hahet
693 3258 744 3307 ele·
782 3250 837 3301 fere
849 3251 943 3312 rerhie,
954 3251 988 3298 de
1000 3249 1112 3300 cuudcrc
1121 3265 1233 3312 curaque
1244 3250 1307 3297 den·

219 3341 321 3396 grutem
342 3331 513 3380 Philostretnr
531 3327 564 3378 de
576 3330 639 3378 Vita
656 3330 742 3393 Apoll.
783 3328 854 3390 itura,
865 3325 997 3375 Plutarch.
1009 3325 1053 3375 lih.
1066 3324 1098 3372 de
1114 3323 1307 3374 sclefanam.

219 3411 355 3470 raam.
372 3409 413 3453 lt).
432 3411 458 3452 et
475 3407 515 3452 ⁷1.
544 3403 677 3454 Herodoto
689 3405 742 3454 Pii·
783 3405 908 3465 pegma.
940 3399 1042 3448 Solinus
1062 3399 1124 3446 item
1141 3398 1306 3446 hunclcrnm

217 3483 312 3545 niuqne
338 3477 491 3528 Arietateler
518 3476 682 3542 ruffragatur,
710 3481 742 3530 dc
783 3475 965 3534 trunrcrihenr,
984 3476 1061 3522 cha.
1076 3476 1152 3534 μήτ.
1169 3471 1306 3520 ‘Candore

219 3558 289 3608 liin.
309 3555 392 3606 haim.
406 3569 436 3604 rr.
450 3559 489 3604 ll.
511 3572 570 3622 pag.
591 3559 644 3604 llll.
664 3563 742 3618 atque
783 3546 1188 3609 dentiumintelligiturjnrcntn:
1200 3558 1306 3608 quornm

220 3633 282 3684 alibi
295 3632 398 3695 passim.
431 3631 534 3682 Alienhi
547 3639 631 3680 tamen
645 3631 743 3680 Plinius
783 3625 849 3672 niter
859 3636 960 3684 semper
971 3622 996 3668 in
1009 3620 1148 3670 ministerio
1159 3627 1214 3670 ectr
1232 3620 1308 3670 citeri

219 3711 284 3772 ipre,
306 3717 335 3758 ut
353 3709 541 3772 Rhinocerntin,
556 3708 593 3756 ita
613 3705 743 3767 elephanti
785 3700 908 3763 parcitur,
918 3695 1094 3745 nehehetutur
1106 3696 1208 3745 reciduo
1221 3711 1308 3758 reper-

219 3799 315 3836 curuuu
327 3785 451 3849 appellet.
784 3789 867 3830 curru,
886 3773 969 3821 minna
984 3772 1078 3834 vigeat,
1095 3771 1115 3818 ni
1135 3769 1215 3820 t'nerit
1234 3771 1308 3819 dirci-

252 3859 420 3924 torserint]
436 3859 654 3912 luridinecilicrt,
673 3855 744 3906 odic·
785 3847 911 3900 cundum!
950 3847 993 3896 lte
1009 3847 1088 3896 etiem
1107 3846 1220 3896 AElinnue
1239 3846 1308 3896 litet.

221 3953 271 4002 qne
280 3939 375 3988 nentri:
389 3951 420 3984 nc
431 3935 497 3999 quad
507 3949 565 3982 cum
575 3940 647 3982 tante
656 3946 743 3982 eornm
785 3928 870 3978 einim,
879 3940 918 3976 vr.
929 3929 970 3975 56.

221 4014 312 4076 injuria
325 4013 471 4076 querimur,
482 4022 655 4074 assequamur.
815 4001 824 4045 l
841 4002 931 4058 wilm
940 4004 996 4048 areat
1006 3997 1110 4060 miniari]
1137 3996 1235 4048 Quibus
1248 4005 1308 4046 eant

253 4087 378 4148 acerem]
406 4086 529 4135 Preheut
553 4085 624 4145 ebur,
649 4083 746 4147 inquit,
785 4076 978 4140 dcnteeeaignl.

222 4154 396 4212 titutumnrndc
415 4161 515 4221 denica,
532 4173 676 4223 quunqnum
696 4171 743 4207 nec
815 4155 827 4190 ¹
845 4151 973 4216 Impactae]
988 4149 1089 4200 Solium
1101 4149 1158 4198 lncc
1170 4149 1214 4197 cit.
1228 4147 1307 4198 ‘Cum

221 4237 270 4301 iprl
282 4237 359 4286 etiarn
370 4235 419 4284 toti
430 4235 648 4284 ehorecnnrtant:
665 4245 744 4297 quan·
785 4239 880 4280 venatu
897 4233 1058 4292 premuntur,
1076 4224 1174 4288 puriter
1192 4220 1309 4284 affligunt
