3148 4880
268 324 354 390 1506
631 337 662 384 c.
685 335 805 383 ruruu
830 333 994 382 succum

314 477 475 564 x1.(xr.)
498 477 719 561 Elephantos¹
746 475 808 540 lert
830 474 949 540 Africa
970 474 1057 540 ultra
1075 473 1225 556 Syrticae
1240 475 1360 539 solitu-

270 583 372 658 dines,
387 582 465 646 etin
482 576 702 642 Mauritania:
716 576 825 641 ferunt
839 573 1014 659 AEthiopes
1029 581 1064 638 et
1077 573 1302 658 Troglodytae,
1318 583 1359 639 ut

270 685 393 748 dictum
416 687 507 746 estat
534 681 592 744 sed
613 679 781 742 maximos
798 677 914 761 ludia,
937 673 1185 758 bellantesque¹³
1211 695 1288 740 cum
1313 679 1359 742 iis

265 790 427 868 perpetua
449 781 614 846 discordia
633 780 810 854 dracones,
833 783 934 842 tantae
949 776 1187 858 magnitudinis
1202 783 1235 840 et
1248 777 1361 860 ipsos,

269 891 304 949 ut
318 883 542 966 circumplexu
555 881 669 946 lacili²
684 881 841 956 ambiant,
852 897 1006 960 nexuque
1016 877 1094 940 nodi
1104 879 1358 961 praestringant.·

269 985 491 1050 Commoritur
502 979 509 1018 ¹
521 982 756 1046 eadimicatio:
773 975 961 1062 victusquej
977 985 1134 1043 corruens
1143 980 1357 1061 complexum

269 1086 382 1152 elidit³
399 1085 572 1168 pondere!

312 1183 507 1268 x11.(x11.)
530 1184 619 1247 Mira
640 1184 830 1248 animalium
850 1201 912 1265 pro
935 1202 972 1246 se
995 1183 1116 1264 cuique
1136 1183 1271 1247 solertia
1293 1191 1357 1253 est,

267 1294 306 1350 ut
320 1282 395 1349 his¹¹
411 1304 488 1348 uua.
532 1282 744 1348 Ascendendi
759 1286 792 1347 iu
808 1291 935 1349 tautam
952 1283 1160 1347 altitudinem
1179 1282 1357 1348 difficultas

268 1385 424 1450 draconi:
446 1387 580 1470 itaque¹
604 1387 667 1448 iter
688 1385 732 1448 ad
754 1385 878 1469 pabula
892 1385 1095 1468 speculatus,
1109 1385 1152 1447 ab
1167 1385 1305 1448 excelsa
1318 1403 1358 1448 se

268 1487 383 1551 arbore
409 1487 525 1571 injicit.
570 1485 645 1550 Scit
672 1485 748 1550 ille¹
774 1487 932 1569 imparem
961 1485 1027 1549 sibi
1053 1485 1212 1550 luctatum
1242 1492 1358 1550 contra

267 1605 396 1651 nexus:
412 1587 525 1669 itaque
537 1594 550 1622 ²
564 1587 719 1650 arborum
735 1592 792 1650 aut
805 1587 937 1669 rupium
953 1585 1098 1650 attritum
1115 1587 1246 1668 quaerit.
1290 1585 1358 1650 Ga-

267 1696 346 1752 rent
357 1689 420 1752 hoc
434 1687 607 1764 dracones,
622 1687 666 1750 ob
681 1686 782 1770 idque
794 1705 927 1768 grestem
939 1693 960 1720 ω
975 1686 1115 1768 primum
1130 1687 1265 1769 alligant
1278 1705 1357 1750 cau-

299 1893 312 1917 ⁰
331 1885 402 1935 Velut
413 1886 521 1948 illigatos
530 1887 589 1935 ecda
598 1887 780 1949 prastriegast.

298 1945 309 1979 ⁶
330 1949 455 2014 Virtusque
463 1950 556 2013 elephas
567 1964 676 2000 comesu
685 1953 807 2000 draeeseat
816 1950 959 2012 corspkasus
969 1950 1036 1999 elidit
1045 1951 1203 2013 suspendere.

751 2091 793 2111 On
797 2091 899 2111 ”Oem

300 2189 413 2238 Cumas.
431 2194 444 2238 1
463 2189 505 2240 lta
514 2188 589 2239 codd.
600 2189 726 2239 lietduini
739 2199 765 2240 et
781 2187 864 2239 chiffl.
875 2205 932 2240 euru
945 2191 1004 2243 edd.
1018 2189 1145 2240 llardniu.
1158 2193 1213 2239 m.
1225 2193 1249 2237 i.
1260 2187 1358 2237 Miller.

268 2253 374 2316 Bipcut.
386 2261 413 2302 et
425 2255 515 2302 Fraus.
536 2255 679 2314 Elephastea
690 2253 804 2304 Gronov.
815 2261 843 2304 et
853 2253 912 2304 edd.
926 2260 1037 2304 vett—‘i
1053 2255 1096 2304 lta
1107 2269 1139 2303 ea
1152 2253 1227 2302 codd.
1238 2251 1358 2301 emenda·

269 2319 305 2366 rit
324 2317 480 2378 Harduiuus,
497 2331 605 2381 eumque
626 2317 709 2368 secuti
730 2325 841 2367 receuti.
861 2323 936 2367 tastae
953 2319 1134 2380 amiticiae,
1148 2323 1175 2366 at
1190 2322 1214 2364 et
1231 2316 1293 2379 ipsos
1309 2317 1358 2363 eir·

266 2381 384 2494 pneumate
397 2381 469 2442 sacili
487 2382 601 2432 Gronov.
622 2389 650 2430 et
669 2381 729 2430 add.
750 2385 877 2431 vett-t
895 2383 959 2447 Cod.
981 2383 1072 2432 Dulce.
1096 2395 1205 2432 mmeas
1225 2381 1359 2442 coaptem

299 2507 366 2558 Car.
378 2521 428 2557 ιιιι.
446 2512 457 2555 l
478 2509 519 2558 lta
530 2523 563 2558 ex
580 2508 655 2558 codd.
667 2509 719 2557 anis
738 2509 885 2558 emendavit
901 2509 1065 2569 Bardaicus,
1082 2510 1120 2558 ita
1131 2521 1233 2572 quinque
1243 2504 1304 2554 edd.
1315 2520 1358 2554 ra·

267 2579 348 2621 ceutt.
365 2571 479 2622 Gronov.
492 2581 519 2622 et
531 2575 564 2622 at.
580 2572 691 2622 hahent:
709 2577 736 2620 ut
746 2572 778 2620 iis
794 2587 841 2622 asa
855 2575 982 2624 scandendi
993 2575 1018 2622 ia
1034 2579 1127 2624 tantm
1136 2571 1284 2622 altitudinem
1294 2571 1358 2635 dm·

266 2635 348 2684 eahae.
363 2637 443 2684 Draco
452 2637 536 2698 daque.
568 2636 625 2684 ‘Ch
637 2635 774 2685 Salmasius
794 2642 876 2686 toturn
887 2638 954 2686 huuc
972 2639 1054 2686 locunt
1072 2638 1108 2686 ita
1121 2637 1197 2698 tegit:
1215 2639 1241 2684 ut
1252 2633 1290 2681 hic
1300 2649 1356 2689 aaa.

265 2699 390 2747 narmi
400 2699 426 2747 ia
437 2704 527 2749 tautum
538 2699 686 2748 altitudinem
694 2701 820 2764 difficultas
831 2701 948 2761 maarai,
959 2702 1037 2764 itaqu
1048 2701 1132 2749 tritum
1142 2701 1197 2760 iter,
1205 2702 1245 2761 isc.
1257 2697 1357 2757 optimo

267 2759 451 2813 sensu.''laet.
485 2763 544 2812 Vid.
565 2764 628 2812 Not.
652 2764 775 2812 Vara—2
791 2765 1020 2830 ‘Mauuecrlptusr
1049 2765 1134 2813 laetari
1153 2769 1243 2812 costra.
1272 2763 1358 2812 Nem

757 2909 863 2959 ΝΟΜ

267 2999 356 3064 vitiis,
373 3015 405 3050 ex
422 3001 489 3051 libro
505 3005 544 3050 st.
563 3001 746 3058 ilistoriarum.
763 3018 789 3066 p.
831 3005 952 3068 dracoue,
974 3009 1119 3072 exemplum
1141 3007 1264 3056 declarat.
1296 3005 1357 3055 Pri-

265 3079 338 3127 ltlt.
353 3077 695 3141 scribitur,troaecrs⁶rsrde
706 3078 786 3140 Noud-
831 3087 976 3134 uruureuiur
996 3086 1022 3134 in
1040 3085 1088 3136 hac
1107 3083 1273 3133 dimicatione
1289 3080 1356 3130 diffi-

265 3154 310 3200 das
324 3150 445 3208 βασιλιύι.
478 3153 637 3218 Asdrubalis,
653 3163 679 3204 et
690 3155 788 3220 Scipio·
830 3161 911 3210 cultae
920 3161 1072 3212 tetdracoui
1084 3161 1193 3210 maxima
1202 3158 1357 3208 ascendendi

264 3231 304 3278 uls
326 3228 450 3285 Africani,
472 3237 607 3294 captaque
625 3230 787 3295 Carthaginis
830 3235 962 3285 intantaru
975 3234 1356 3300 altitudinem,quautaestete·

266 3309 424 3373 temporibus
435 3323 540 3373 suppar.
829 3309 901 3372 phas,
919 3314 976 3360 cuni
989 3313 1044 3376 ipse
1055 3312 1122 3360 hauri
1135 3319 1229 3372 serpat.
1262 3309 1356 3373 ltaque

298 3391 310 3427 t
331 3385 365 3434 Ut
375 3385 462 3434 dictruu
473 3383 521 3446 ert]
536 3385 599 3446 cap.
611 3388 635 3433 8.
829 3385 977 3448 speculatus
999 3387 1049 3436 iter
1071 3401 1121 3450 qua
1146 3386 1298 3448 elephantus
1321 3383 1356 3432 sd

297 3458 502 3524 ὴΒεὶὶιιιιιιιᾳιιι]
520 3461 559 3510 De
578 3461 625 3510 ttae
646 3475 673 3510 re
696 3461 788 3510 AEliau.
829 3460 921 3524 pabula
933 3462 1166 3526 progreditrrr,&c.
1190 3459 1258 3508 Vide
1270 3460 1354 3510 Notae

265 3531 337 3582 Eiet.
350 3533 435 3583 Anim-
447 3549 484 3584 rr.
495 3539 538 3584 at.
806 3573 808 3578 .
829 3543 856 3584 et
867 3535 977 3584 Eureud.
989 3551 1056 3585 uum.
1067 3541 1108 3586 23.

296 3606 303 3639 ¹
321 3610 489 3674 Commorim]
512 3611 662 3672 Salmasius,
681 3613 789 3662 Camara-
863 3608 938 3662 'Scit
949 3612 1003 3677 itta]
1022 3613 1140 3676 Elephas.
1173 3609 1241 3660 Hac
1252 3625 1354 3676 qnoque

264 3682 360 3732 citaris.
392 3683 530 3747 Utriusque
542 3699 617 3746 nece,
633 3687 718 3751 inquit
735 3687 789 3736 Pli·
830 3686 931 3738 Solinus
942 3703 1000 3751 cap.
1016 3692 1056 3737 25.
1068 3702 1095 3751 p.
1105 3691 1146 3736 tl.

265 3759 333 3820 nius,
345 3756 475 3808 liniturea
490 3757 630 3810 dimicatio.
797 3771 803 3784 ·
860 3770 878 3796 ¹¹¹
897 3763 933 3812 Oi
953 3764 1022 3828 idque
1038 3762 1145 3826 mesas]
1160 3760 1278 3811 Soliuuaz
1297 3761 1356 3810 'dc

295 3831 304 3875 t
325 3831 461 3896 Victusque]
489 3833 604 3896 Rectius,
623 3835 700 3884 uictas
721 3850 789 3884 aaru-
831 3837 938 3900 primurn
957 3839 1036 3901 pedes
1055 3837 1127 3888 uadis
1145 3837 1255 3900 illigant,
1270 3841 1300 3884 ut
1316 3834 1358 3882 la·

267 3921 319 3969 que.
830 3914 932 3976 queatia
943 3913 1058 3964 cruribus
1067 3911 1208 3974 impediant
1217 3908 1357 3972 gradiendi

297 3980 309 4013 ¹
330 3977 364 4030 Ut
385 3981 433 4044 hia]
458 3983 561 4034 erauts
580 3985 613 4033 sit
633 3983 792 4046 animalibus,
831 3985 998 4048 facultatem
1015 4002 1071 4037 nant
1081 3985 1219 4050 elephanti,
1227 3985 1276 4033 uisi
1288 3999 1357 4047 pra·

266 4071 312 4120 pro
324 4071 351 4106 se
362 4059 463 4122 cuique,
475 4060 589 4122 solertia,
599 4061 647 4110 hnc
655 4074 741 4117 unum.
753 4061 790 4110 in·
832 4063 901 4110 renti
912 4062 959 4112 hac
971 4063 1098 4126 spirarunt
1112 4074 1190 4123 mora,
1203 4060 1243 4108 rel
1255 4059 1355 4108 arbori·

266 4131 331 4196 quit,
352 4133 378 4182 iu
400 4135 448 4196 his,
470 4135 606 4200 elephanto
631 4135 741 4200 scilicet,
765 4145 792 4188 et
832 4136 879 4187 hus
900 4150 938 4200 re,
958 4137 999 4188 rat
1017 4137 1085 4186 saria
1103 4136 1242 4200 applicant,
1253 4141 1283 4184 ut
1293 4147 1356 4198 pon·
