3148 4884
280 381 365 446 1408
641 397 674 442 u.
699 393 816 442 entntt
842 392 1005 446 annuunt

280 541 412 627 pitoiio,
436 559 511 604 oum
539 537 632 602 Deos
662 535 851 602 salutasset.
896 535 957 599 Μ’.
968 535 1152 601 iuventius
1178 535 1314 600 'i’haiua
1324 543 1372 574 ¹¹⁰

280 641 408 718 consul,
423 659 497 706 cum
514 640 724 704 sacrificaret.
770 638 810 703 C.
836 637 998 702 Servilius
1024 637 1148 714 Pansa,
1168 633 1248 702 cum
1269 643 1374 702 staret

279 746 312 808 in
334 743 405 807 foro
429 743 472 806 ad
495 743 665 805 tabernam
686 740 768 804 hora
789 739 857 802 diei
879 739 1095 815 secundant
1117 739 1152 800 in
1169 738 1208 802 P.
1226 727 1373 800 Pansam

278 845 411 908 fratrem
425 843 570 907 innixus,
614 842 753 907 Baebius
764 839 881 924 judex,
895 857 970 904 cnm
991 839 1212 904 vadimonium
1223 845 1237 884 ‘¹
1249 838 1373 902 differri

274 945 415 1028 jubet.¹⁴
458 943 507 1008 M.
531 943 707 1008 Terentius
735 940 860 1018 Corax,
891 941 967 1004 dutn
991 927 1134 1005 tabelias
1158 940 1276 1004 scribit
1288 947 1314 986 ¹⁵
1339 941 1373 1003 in

279 1047 366 1112 foro.
399 1047 549 1113 *Necnon
571 1053 606 1111 ot
635 1046 789 1129 proximo
819 1061 917 1120 anuo,
948 1043 1027 1107 dum
1049 1043 1215 1107 consulari
1243 1031 1373 1108 virolo

278 1169 391 1214 aurem
413 1150 506 1227 dicit,
537 1167 643 1231 eques
671 1147 858 1222 Romanus,
887 1152 963 1209 ante
980 1145 1173 1228 Apollinem
1199 1144 1372 1221 eboreum,

180 1298 183 1304 ,
279 1251 338 1334 qni
353 1257 405 1315 eet
418 1251 450 1314 in
470 1251 543 1314 foro
558 1249 728 1331 Augusti:
770 1247 878 1330 Super
900 1266 1013 1310 omnes
1029 1246 1070 1311 C.
1085 1246 1197 1311 Julius
1217 1247 1372 1310 medicus

280 1353 358 1416 dum
373 1353 509 1432 inungit,
523 1350 723 1434 specillum⁸
737 1367 797 1430 per
812 1348 948 1412 oculum
963 1347 1105 1412 trahens.
1149 1347 1260 1412 Aulus
1272 1347 1371 1410 Man-

279 1454 344 1518 lius
356 1452 401 1493 '⁶‘
420 1453 611 1536 Torquatus
631 1451 827 1529 consularis,
843 1469 919 1514 cnm
938 1450 973 1513 in
989 1469 1087 1515 coena
1102 1450 1295 1533 placentam
1310 1467 1371 1531 ap·

735 1675 912 1699 tumme

279 1845 312 1894 Δ.
330 1844 454 1908 Pompeius
470 1844 529 1895 cdd.
546 1853 607 1894 ante
626 1845 806 1896 Erotion-li
823 1845 864 1894 ita
882 1843 956 1894 codd.
978 1844 1112 1907 ilardnitti,
1131 1843 1222 1893 Delec.
1239 1847 1266 1891 et
1286 1841 1371 1891 Citiiil.

279 1910 340 1956 item
353 1909 481 1958 Hardttin.
493 1915 517 1958 l.
529 1913 585 1959 Μ.
596 1910 693 1959 Miller.
706 1911 813 1971 Bipcnt.
824 1911 950 1959 etlinun
968 1911 1042 1960 Telau
1055 1909 1145 1957 Pruna.
1166 1907 1240 1955 Talna
1254 1905 1369 1957 Gronov.
1435 1921 1437 1926 ·

279 1980 307 2020 et
329 1973 390 2021 edd.
413 1977 542 2022 vett—li
559 1972 642 2023 cocu.
665 1975 754 2023 Deice.
776 1981 803 2022 et
823 1971 908 2022 Cltiffi.
931 1975 962 2021 ud
982 1975 1180 2022 secundnm-lt
1198 1971 1262 2019 Coti.
1281 1970 1371 2020 Daiec.

278 2038 334 2085 daut
351 2037 502 2086 Boiilomrnn
518 2037 675 2086 ammonium
691 2037 787 2101 differri
798 2037 884 2096 judan·
901 2033 987 2086 chiffl.
1002 2039 1058 2084 duat
1073 2051 1094 2085 n.
1107 2036 1132 2084 di
1154 2049 1206 2084 em
1216 2035 1239 2094 j.
1254 2035 1368 2082 Pintian.

279 2100 399 2148 e'iolet.
431 2115 483 2149 eunt
501 2101 631 2160 Bubilium,
658 2105 764 2164 ise-lt
785 2101 849 2150 Coti.
872 2101 964 2148 Dalec.
986 2103 1042 2149 dunt
1067 2099 1121 2148 tole
1183 2099 1371 2148 nutaret-te

279 2161 362 2212 cntffi.
381 2163 540 2224 trnlemjnnt
557 2165 683 2224 Malim
700 2165 812 2216 Gronov.
833 2163 1184 2214 trulum..luttti..ii1enliar.
1219 2163 1369 2212 Lectiwetn

711 2417 714 2422 .
775 2374 881 2424 Nom

308 2500 433 2564 wiotan]
451 2503 493 2552 ita
504 2502 729 2566 rerenpunnaax
740 2502 804 2552 lina.
841 2503 920 2553 ‘Quo
932 2502 1020 2551 oouiot
1039 2500 1184 2564 inungimur
1200 2499 1293 2563 quibua
1312 2514 1371 2564 epe·

278 2577 309 2627 tt
319 2581 342 2627 l.
351 2581 376 2626 2.
394 2579 469 2629 Colb.
480 2583 503 2628 l·
513 2583 539 2628 i.
557 2579 641 2628 Paria.
660 2576 743 2628 cutm.
754 2581 803 2628 dcc.
840 2575 940 2632 cintua.'
953 2577 1013 2640 (hoe
1034 2585 1084 2638 eut,
1100 2573 1249 2638 etpicltoua)
1259 2579 1266 2602 ¹
1277 2577 1371 2638 specil·

277 2668 310 2702 ex
327 2654 412 2704 Partis
431 2653 593 2718 Capitolinis,
613 2663 691 2718 atque
702 2669 734 2702 ex
748 2655 804 2716 ipro
841 2651 959 2701 tumeat!
977 2649 1262 2712 Greciepipndieitur.
1280 2651 1371 2700 Aditur

276 2729 512 2780 validarum.
524 2733 615 2791 otti.
627 2728 803 2778 undePlinitu
841 2741 903 2778 vut.
923 2731 962 2777 tt.
981 2743 1041 2792 pag·
1057 2733 1081 2777 8.
1099 2729 1184 2778 ‘Cum
1204 2727 1311 2792 specillo
1331 2729 1370 2776 io·

277 2803 331 2852 line
340 2803 547 2866 aceepit.‘ilN.¹
557 2803 618 2868 (ltoc
627 2811 676 2866 eat,
685 2803 804 2868 Mennim)
839 2811 991 2863 strumento,
1000 2804 1067 2866 quod
1080 2805 1171 2852 tnelutn
1182 2803 1268 2853 Greci
1281 2805 1369 2866 appel·

276 2877 311 2928 ‘J
315 2879 432 2927 urentiua
443 2878 561 2934 nnatna:
581 2879 675 2944 inquit,
686 2887 693 2910 ¹
703 2881 804 2943 collega
839 2877 912 2926 iant.¹
945 2879 1146 2928 instrumentum
1166 2893 1315 2941 parvumne
1332 2887 1369 2928 te·

276 2953 318 3002 Ti.
328 2952 440 3003 Gracchi
449 2951 509 3002 Coe.
521 2953 625 3009 iterum,
635 2967 692 3002 cnm
704 2954 730 3002 in
739 2955 803 3003 Cor·
839 2967 891 3013 rea,
910 2967 960 3017 quo
983 2963 1091 3004 utuntur
1113 2954 1146 3004 ad
1168 2956 1303 3003 vulnerum
1324 2963 1370 3004 eut

276 3029 340 3088 tica,
356 3041 433 3091 quarn
445 3041 527 3090 nuper
537 3027 686 3090 subegerat,
705 3027 803 3078 taetiti-
839 3026 981 3078 detulerunt
1004 3031 1072 3079 uiam
1095 3037 1139 3078 ant
1166 3029 1369 3092 profunditatem

276 3109 356 3166 caret,
373 3101 487 3165 receptis
509 3101 589 3150 tttertr
608 3101 728 3151 decretae
745 3106 803 3152 eia
840 3105 1051 3168 peramoenum,
1070 3121 1115 3156 tute
1131 3103 1201 3155 wude
1217 3107 1245 3155 de
1267 3105 1370 3155 Cltirar·

276 3179 373 3226 Senatu
393 3177 594 3240 tupplioutionea
616 3179 803 3239 nuntiantibus,
837 3179 903 3241 gieta
934 3181 1075 3242 spicellam
1096 3189 1173 3230 vocat
1193 3181 1287 3230 Sextus
1309 3181 1370 3229 Pla·

275 3253 378 3302 intento
397 3253 454 3301 illae
474 3255 558 3302 auimo
578 3255 674 3318 legent,
691 3255 802 3318 caligine
840 3264 894 3304 ton.
909 3255 941 3304 de
961 3257 1056 3307 Medic.
1069 3271 1101 3304 ex
1120 3255 1205 3306 Anim.
1218 3271 1236 3305 r.
1251 3261 1275 3307 9.
1287 3271 1312 3304 n.
1328 3259 1370 3306 2³.

276 3337 331 3377 orta
342 3337 402 3377 aute
414 3327 526 3377 loculum
540 3329 668 3390 collapana
686 3337 802 3378 mortuui
838 3330 893 3378 ‘iit
906 3331 927 3378 ai
942 3331 1035 3378 dexter
1052 3333 1140 3380 oculna
1157 3333 1316 3394 glaucomate
1334 3332 1369 3380 la·

275 3406 343 3454 itumi
351 3406 445 3469 jacuit.
478 3406 560 3456 Quem
572 3403 633 3469 qnid
646 3405 714 3454 alind
726 3421 802 3470 quam
840 3405 920 3464 borat,
930 3407 954 3454 in
972 3405 1146 3456 dexteriorem
1165 3415 1265 3470 partem
1277 3407 1370 3470 tpicel·

275 3482 352 3530 nlntio
380 3481 473 3544 gentlio
500 3489 619 3530 enectum
647 3481 803 3544 putemuti’
839 3481 1035 3531 tademittttnr:
1053 3481 1371 3546 tintiniatenainiatram!

274 3557 367 3606 Consul
381 3557 430 3608 fnit
442 3573 508 3608 anuo
520 3565 579 3622 poet
592 3558 623 3610 U.
635 3559 666 3608 C.
678 3569 754 3608 nxct.
839 3555 897 3603 Vox
909 3571 940 3604 ea
952 3557 1036 3605 Plinio
1047 3555 1188 3620 iatttiliaria,
1201 3565 1229 3607 ut
1240 3559 1370 3608 constabit

306 3639 319 3674 Ρ
336 3633 406 3682 Horo
416 3635 464 3682 diei
474 3634 585 3697 actimido]
603 3635 667 3684 Pont
681 3636 747 3684 Solia
757 3649 801 3684 ex·
839 3645 870 3678 ex
880 3631 985 3680 indice:
1000 3631 1194 3696 Ceiuoquoque‚
1203 3635 1369 3682 und-“de

275 3717 369 3756 ortunt.
383 3709 445 3757 tet.
458 3709 531 3758 eote.
544 3713 567 3758 i.
578 3712 602 3758 2.
615 3707 803 3760 euenturum
839 3705 1017 3754 imbecillitate
1040 3707 1190 3762 oettloruut‚’
1211 3715 1238 3756 et
1261 3721 1319 3772 cap.
1343 3713 1370 3759 9.

273 3782 504 3832 dieiadaeceudum.
839 3780 891 3828 'do
903 3780 1019 3830 dentium
1031 3781 1139 3831 dolore!
1172 3785 1370 3847 Eatapudeun·

306 3864 319 3899 t
338 3857 397 3904 Cura
407 3853 576 3917 uadimonium]
593 3855 660 3906 Vide
678 3857 762 3907 Notat
774 3864 801 3906 et
838 3857 907 3912 detti,
927 3859 988 3920 inp.
1006 3863 1031 3906 t.
1049 3860 1089 3905 tit.
1105 3858 1247 3908 ‘aduerunt
1269 3859 1369 3908 nutriunt

274 3931 385 3981 Eruend.
396 3945 464 3980 nunt.
478 3933 534 3980 lte.
838 3945 947 3988 verrom,
959 3939 986 3982 et
1001 3933 1183 3982 auricularium
1199 3933 1370 3997 specillum.’'

306 4011 317 4042 ¹
332 4005 425 4067 insero
434 4005 549 4068 iuguli]
566 4005 597 4054 in
610 4006 802 4069 regioneUtbia
838 4007 886 4055 Ed.
897 4021 943 4055 ree.

272 4091 373 4132 octavu.
869 4082 971 4131 'Auen
989 4081 1109 4145 Mantua]
1127 4083 1222 4135 conntd
1237 4097 1304 4134 anno
1319 4085 1370 4134 Ur·

305 4157 471 4220 'Spaniam
506 4155 574 4206 Quid
602 4156 636 4204 ait
660 4156 803 4219 rpeoilluot,
840 4157 954 4207 bianxc.

274 4233 357 4283 Varro
375 4233 488 4296 explicat
502 4231 535 4282 de
552 4231 628 4296 Ling.
645 4233 702 4282 Lat.
715 4233 759 4283 lilt.
774 4247 801 4285 v.
