3148 4884
534 324 621 374 unu.
644 323 742 373 urar.
768 325 840 374 uro.
866 325 930 373 vu.
952 311 1005 375 53.
1229 314 1319 379 -1403

230 487 299 554 quo
321 469 427 534 multe
448 453 654 546 annuntiare,
676 489 754 552 quae
784 472 849 534 nisi
875 491 897 535 a
921 477 1108 554 presentes
1133 473 1230 536 nosci
1256 492 1319 537 non

229 579 381 654 possent,
406 589 545 654 corpore
569 571 697 635 interim
728 573 928 636 semianimi:
966 573 1071 636 donec
1096 582 1244 637 cremato
1276 590 1318 637 eo

229 673 354 738 inimici
369 671 445 757 (qui
455 671 668 736 Cantharidae
682 671 901 755 vocabantur)
916 676 1072 738 remeanti
1087 675 1209 737 animae
1225 673 1319 738 velut

230 775 384 854 vaginam
399 772 588 837 ademerint.
633 772 800 838 Aristeae⁴
813 771 824 810 f
831 776 928 838 etiam
945 777 1050 839 visam
1071 776 1259 839 evolantem
1274 795 1319 840 ex

230 893 287 938 ora
308 875 343 937 in
373 874 599 951 Proconneso,
630 877 720 940 corvi
747 874 865 958 effigie,
887 895 1004 958 magna
1026 896 1103 960 quea
1125 878 1318 960 sequitur⁵⁸

229 976 453 1040 fabulositate.
497 975 606 1055 Quam
633 975 788 1058 equidem
813 985 849 1041 et
874 977 907 1040 iu
924 975 1072 1040 Gnossio
1098 973 1317 1060 Epimenide¹²

230 1077 331 1140 simili
354 1077 455 1141 modo
481 1077 632 1161 accipio:
661 1065 806 1142 Pueru'm
829 1087 913 1144 aestu
938 1085 972 1142 et
987 1078 1103 1142 itinere
1128 1078 1253 1141 sessum
1282 1080 1317 1142 in

230 1196 334 1259 speon
363 1188 491 1262 septem
520 1185 553 1243 et
582 1180 825 1264 quinquaginta
865 1180 1029 1244 dormisse
1057 1177 1178 1242 aunis:
1213 1197 1317 1242 rerum

228 1279 348 1342 t'aeiem
372 1281 652 1364 mutationemque
677 1282 862 1358 mirantem,
883 1281 974 1345 velut
988 1285 1121 1362 postero
1142 1297 1317 1362 experrec-

228 1387 299 1444 tum
316 1380 371 1444 die
386 1381 409 1446 :⁶
428 1382 505 1446 ltine
523 1383 597 1464 pari
618 1381 774 1446 numeroi
800 1383 927 1446 dierum
954 1384 1050 1446 senio
1073 1381 1256 1464 ingruente,
1279 1389 1317 1444 ut

230 1484 389 1546 tamenin
406 1485 583 1566 septimum
599 1491 633 1548 et
646 1480 974 1568 quinquagesimumj
990 1489 1089 1568 atque
1100 1485 1316 1546 centesimum

229 1585 308 1648 vitae
325 1583 456 1647 duraret
469 1603 602 1649 aunum.
648 1582 894 1650 Foeminarum*
910 1603 1015 1649 sexus
1029 1583 1107 1648 huic
1122 1583 1210 1646 malo
1225 1581 1317 1646 vide-

230 1687 441 1748 turmaxime
455 1693 671 1768 opportunus,
694 1687 911 1751 conversione
926 1685 1056 1750 vulvas:
1080 1703 1156 1768 quae
1172 1685 1201 1747 si
1215 1683 1317 1747 corri-

229 1795 337 1869 gatur,
353 1774 490 1870 spiritus
503 1790 695 1852 restituitur.
740 1788 819 1854 Huc
838 1789 978 1871 pertinet
991 1787 1103 1852 nobile
1115 1786 1204 1870 apud
1220 1786 1314 1851 Grae-

228 1907 289 1953 cos
303 1888 456 1951 volumen
473 1888 677 1966 Heraclidis
692 1896 823 1972 septem
838 1889 956 1954 diebus
971 1889 1116 1954 foeminae
1129 1883 1312 1952 exanimis¹

231 1988 275 2054 ad
292 1991 392 2053 vitam
410 1997 589 2056 revocatae.

682 2151 860 2172 ‘anemone

227 2258 305 2302 antea
315 2253 444 2316 legeretur
456 2251 607 2302 timeae
630 2253 691 2302 Vet.
710 2252 802 2301 Datec.
814 2252 1004 2301 Hermotimi—t
1021 2250 1063 2300 lta
1082 2249 1158 2298 codd.
1178 2249 1315 2304 ilardniui,

226 2331 284 2366 enus
300 2317 359 2366 edd.
378 2316 506 2366 llarduiu.
523 2321 546 2365 1.
558 2321 582 2365 2.
594 2319 618 2366 a.
633 2317 727 2367 Miller.
747 2317 852 2377 Bipout.
867 2325 895 2364 et
911 2317 1003 2363 Fraus.
1018 2313 1315 2376 perconsummasset

225 2379 386 2430 Granum-t
405 2380 487 2430 ltuea
500 2381 643 2439 Herodoto,
652 2381 797 2438 Plutarcho,
810 2381 899 2440 suida,
908 2379 1045 2438 Strabone,
1056 2378 1201 2439 ceterisque
1211 2377 1312 2426 Graccis

225 2459 360 2494 correxere
372 2446 429 2495 VV.
441 2446 502 2494 Dl).
516 2446 614 2508 recepit
625 2444 750 2494 llarduin.
761 2445 862 2493 Aristoei
873 2446 931 2493 edri.
941 2451 1004 2492 vett.
1013 2451 1040 2490 et
1051 2442 1215 2492 (tronea-⁵
1229 2441 1315 2489 l’arm.

225 2507 410 2572 eroumque
425 2524 512 2572 napae
526 2510 642 2572 psomtar
656 2509 751 2558 laio-tt
768 2509 882 2558 Pintiau.
899 2508 965 2571 conj.
982 2511 1141 2569 espemrtrrra
1152 2506 1213 2554 uelut
1223 2511 1315 2568 postero

715 2637 823 2688 ΝΟΜ

257 2731 266 2766 ¹
282 2732 395 2796 Aristera]
413 2721 453 2784 lta
469 2731 641 2795 scribendum,
651 2747 701 2784 uon
713 2735 750 2784 uti
790 2732 940 2786 dormierat,
951 2731 998 2781 lroc
1009 2738 1058 2786 est,
1070 2743 1136 2780 nvrr.

225 2809 478 2866 destruendum.
504 2811 572 2860 Naro
583 2811 750 2874 scriptoribus
821 2807 830 2852 l
846 2809 977 2871 Septim
992 2809 1015 2856 et
1027 2804 1120 2868 quiam]
1138 2803 1314 2868 eradragiuts

225 2885 326 2934 Gracia
345 2893 385 2934 est
402 2883 524 2949 ’merto
540 2887 554 2934 d
570 2885 749 2950 Προκοννήσιος.
789 2883 915 2932 duntaxat
950 2880 1085 2930 dormiisse
1117 2893 1197 2928 anuos
1223 2879 1315 2928 scribit

227 2960 291 3008 Rem
304 2961 382 3024 paulo
397 2962 473 3010 aliter
488 2968 576 3010 narrat
589 2961 687 3010 Herod.
703 2960 748 3010 lib.
792 2959 929 3008 Pausanias
938 2957 982 3006 lib.
991 2970 1010 3006 r.
1020 2971 1077 3019 pag.
1086 2959 1125 3004 26.
1150 2955 1314 3011 Plutarelms,

225 3050 262 3086 ιν.
276 3051 335 3100 pag.
346 3041 403 3087 23⁰.
438 3037 506 3088 vtes
522 3045 651 3100 praeterea
670 3037 749 3101 Apol·
789 3035 989 3100 quiuqrrsgintar
1002 3041 1028 3080 et
1037 3031 1119 3078 Varro
1129 3029 1160 3078 de
1171 3029 1245 3091 Ling.
1255 3029 1312 3079 Lat.

224 3115 319 3165 leuium
332 3117 357 3164 iu
369 3115 542 3167 Histdlirab.
553 3119 644 3181 caps.
657 3131 715 3181 pag.
725 3121 749 3166 a.
789 3111 876 3160 ceteri
894 3109 1032 3170 scriptores
1053 3103 1137 3153 Plinio
1155 3102 1257 3152 lavent:
1276 3104 1313 3152 io·

225 3191 340 3254 Suidam,
352 3192 474 3255 aliosque.
789 3192 829 3234 ter
841 3197 905 3248 quos
916 3183 1040 3244 Phlegon,
1051 3179 1094 3230 lib.
1103 3178 1155 3242 arpi
1165 3177 1313 3241 Μακροβίων,

257 3264 616 3330 summopereque
633 3263 749 3313 omnibns
788 3273 864 3323 quem
887 3259 950 3308 citat
972 3257 1090 3307 Laertius
1111 3257 1169 3305 loeo
1198 3257 1312 3319 proxime

224 3344 290 3394 Mas.
301 3352 329 3392 et
340 3343 404 3392 edit.
415 3343 501 3392 Parsa.
516 3343 598 3390 multo
614 3340 749 3402 alnesrins,
789 3336 929 3398 appellato,
941 3341 968 3383 et
982 3333 1134 3395 Apollonius
1145 3346 1203 3394 cap.
1215 3335 1239 3380 l.
1251 3346 1276 3394 p.
1287 3335 1311 3380 8.

223 3435 276 3482 qsoe
287 3431 373 3478 magns
384 3417 499 3480 marite
508 3417 546 3466 lic
553 3416 716 3475 frideslare.
822 3409 832 3443 Ι
845 3406 1016 3469 Foemiaorrrar]
1034 3407 1100 3456 vius
1111 3421 1169 3470 quse
1182 3407 1258 3468 paulo
1270 3419 1313 3453 sn·

256 3495 388 3544 ”Granio
408 3493 557 3556 Epimide]
581 3491 643 3542 Sira
664 3489 749 3542 Gnos·
789 3493 833 3536 tea
844 3501 875 3534 ss
888 3485 994 3534 Forento
1015 3481 1156 3530 retulimus.
1190 3479 1313 3528 Mulieres

224 3573 289 3622 sium
304 3570 384 3629 diras,
402 3583 460 3619 cum
479 3567 590 3627 Laertio,
610 3567 747 3616 Pausaula·
789 3559 876 3610 Greci
899 3568 951 3606 tum
973 3563 1067 3606 vocant
1096 3552 1225 3618 ύστιρικάε.
1269 3556 1311 3605 lle

222 3663 284 3714 qne,
295 3649 349 3698 aire
360 3645 547 3708 Pleuramis
555 3643 608 3698 alii,
616 3642 749 3693 Cretensis
788 3651 852 3686 roca
863 3649 904 3696 ea,
916 3631 1091 3695 ‘corrigatuu'
1100 3631 1199 3694 egimus
1208 3633 1312 3693 cap-19.

223 3723 283 3775 tuit.
323 3724 406 3774 Fuere
428 3720 496 3770 sulm
518 3720 575 3770 lrasc
593 3718 645 3769 duo
662 3718 749 3768 Crete
822 3711 956 3762 'Foerrrisoe
984 3707 1111 3770 exanimis]
1143 3707 1187 3756 Sic
1218 3707 1310 3756 librum

222 3801 314 3852 insulse
335 3798 432 3864 oppida
452 3797 513 3848 olim
534 3796 650 3859 insignia.
690 3795 749 3844 Flo·
787 3805 859 3842 suum
887 3785 1040 3839 Heraclides
1063 3786 1239 3847 inscripserat,
1260 3782 1313 3846 περὶ

224 3877 303 3926 ruisse
315 3877 420 3939 olymp.
429 3877 470 3923 sd.
482 3879 572 3922 auctor
581 3878 621 3921 est
630 3869 748 3921 Ls'e‘rtiua
786 3869 830 3927 rip
840 3866 922 3927 imo,
937 3863 1092 3921 decanatui,
1111 3869 1179 3910 testa
1201 3859 1311 3914 Laertio,

224 3953 268 4000 tib.
287 3967 307 4002 r.
324 3967 381 4015 pag.
398 3954 438 4000 υ.
455 3949 481 3999 lu
502 3947 659 4012 Epimenidis
678 3946 748 4004 Vita,
787 3945 812 3994 lu
826 3943 1068 4004 l’rooemio.pag.³.
1096 3933 1311 3985 Hauet'carninam

224 4029 267 4080 ubi
279 4028 368 4078 eadem
381 4025 472 4090 refert,
483 4041 540 4088 qus
553 4025 660 4074 Plinius.
786 4031 921 4068 revocasse
928 4014 960 4064 sd
972 4015 1049 4062 vitam
1061 4011 1229 4073 Empedoclea
1241 4009 1310 4056 diee-

256 4103 261 4136 ¹
278 4105 337 4153 Pori
356 4101 460 4165 amm]
477 4099 596 4149 Totidem
618 4113 677 4148 mox
691 4095 743 4148 dia·
787 4095 879 4144 batur:
901 4091 969 4142 unde
988 4091 1078 4154 ingens
1096 4087 1223 4136 hominum
1242 4082 1310 4132 larua

223 4181 271 4230 hus
291 4193 378 4230 seuam
396 4192 452 4228 essa
473 4173 577 4240 lacrum,
593 4182 655 4240 quot
674 4175 745 4224 auuia
787 4173 984 4220 esteonsecuta.
1019 4164 1061 4212 lta
1074 4161 1189 4211 Laertius
1201 4159 1269 4208 idem
1283 4159 1309 4208 iu
