3148 4880
257 321 344 388 lbet
622 336 655 382 e.
678 331 796 382 aaran
821 331 985 381 snuuunr

257 479 409 564 generis¹
432 467 522 543 color
541 484 602 542 est.
647 478 792 542 hunum
806 482 933 541 tantum
947 474 983 540 iu
998 474 1098 558 Syria
1111 474 1210 556 niger.
1254 473 1345 539 Pau·

257 583 357 646 tberis
371 581 405 644 iu
420 577 563 645 candido
585 580 701 642 breves
710 577 914 641 macularum
925 577 1040 640 oculi·
1085 574 1210 639 Ferunt
1223 574 1347 639 odore¹

261 687 399 746 earum²
416 681 498 742 mire
520 678 701 742 solicitari⁸
722 676 953 760 quadrupedes
974 683 1124 752 cunctas,
1147 675 1207 738 sed
1226 676 1349 758 capitis

259 782 412 861 torvitate
427 780 546 844 terreri.
591 777 817 856 Quamobrem
832 777 1001 840 occultato
1020 797 1072 855 eo,
1087 775 1217 858 reliqua
1235 775 1351 841 dnloe·

261 884 338 948 diue
359 882 516 946 inritatus
539 881 730 963 corripiunt.
773 879 860 944 Sunt
880 879 938 960 qui
960 879 1112 942 tradant³
1134 877 1168 940 in
1190 895 1284 940 armo
1305 879 1350 941 iis

262 984 403 1050 similem
425 982 530 1046 Lunae
552 1001 627 1046 esse
648 979 825 1056 maculam,
847 986 1050 1042 crescentem
1066 980 1098 1042 iu
1113 977 1224 1053 orbes,
1245 983 1278 1040 et
1292 997 1352 1042 ce-

262 1090 393 1150 nantem
414 1084 488 1166 pari
509 1083 609 1146 modo
638 1099 771 1146 cornua.
816 1079 918 1143 Nune
940 1076 1081 1155 varias,¹²
1103 1085 1138 1142 et
1153 1078 1276 1161 pardos
1291 1078 1352 1160 qni

262 1204 370 1251 mares
398 1189 501 1258 sunt,4
531 1181 702 1264 appellent
727 1180 762 1242 in
781 1197 823 1243 eo
846 1180 937 1242 omni
959 1197 1087 1262 genere,
1108 1179 1301 1244 creberrimo
1315 1179 1352 1241 iu

264 1285 382 1349 Africa
394 1282 568 1366 Syriaque.
612 1280 758 1359 Quidam
773 1281 816 1343 ab
830 1280 895 1343 iis⁵
917 1280 1097 1363 pantheras
1116 1279 1260 1343 candore
1275 1279 1352 1343 solo

264 1386 476 1450 discernunt:
492 1404 555 1448 nee
570 1383 680 1447 adbuc
696 1383 797 1446 aliem
811 1380 1027 1445 differentiam
1043 1380 1165 1443 iuveni.

310 1500 425 1548 xxiv.
448 1483 784 1548 senatusconsultum
805 1480 869 1545 luit
881 1485 990 1556 vetus,
1009 1485 1071 1544 ‘ne
1092 1479 1209 1544 liceret
1221 1479 1356 1548 Africa·

264 1581 347 1650 nas¹
368 1586 404 1648 in
419 1583 551 1648 Italiam
568 1581 750 1647 advehere.³
795 1580 917 1646 Contra
929 1577 1014 1645 hoej
1038 1581 1112 1645 tulit
1130 1581 1173 1645 ad
1190 1583 1352 1664 populum

267 1685 328 1750 Cn.
343 1680 522 1748 Aufidius*
535 1685 687 1748 tribunus
701 1681 821 1764 plebis,
837 1681 1049 1765 permisitque
1065 1681 1269 1745 Circensium
1281 1703 1355 1764 gra-

266 1787 316 1852 tia
329 1787 513 1867 importare.
536 1785 670 1848 Primus
683 1791 791 1848 autem
806 1778 972 1846 Scaurus¹
987 1782 1151 1846 aedilitate
1165 1799 1226 1846 sna
1242 1784 1355 1848 varias

299 2006 311 2092 ἶ
327 1998 457 2111 §addim
468 1997 582 2048 madidae
591 1998 659 2090 aeter,
669 1996 696 2044 ia
705 2009 750 2058 qao
761 1995 841 2044 aroer
849 1996 919 2058 acati,
929 2009 971 2044 eea
981 1997 1088 2057 mesta,
1098 1996 1182 2059 eperat

725 2181 907 2204 ΝΝΜΜΙΟ

301 2283 368 2334 Car.
381 2297 465 2334 xxrrr.
483 2289 496 2335 1
512 2286 596 2335 Talet.
613 2300 641 2334 aa
657 2299 713 2334 mr
728 2285 852 2348 unicuiqae
863 2285 975 2346 geam'ar
992 2285 1049 2334 eod.
1068 2285 1157 2334 Dalee.
1173 2299 1201 2332 ue
1211 2284 1360 2346 aaaaeaiqrra

267 2349 379 2410 guerin
396 2348 478 2398 Cbldl.
488 2365 515 2397 ae
524 2364 579 2398 aeae
589 2349 697 2412 euinque
707 2350 846 2409 gem-a
858 2349 940 2398 Codd.
953 2351 1044 2398 Dalec.
1053 2357 1081 2397 et
1092 2345 1177 2398 chiffl.
1185 2349 1258 2399 calore
1268 2363 1358 2398 amaa.

269 2415 317 2460 -8
335 2411 377 2462 lta
391 2413 466 2462 codd.
480 2413 607 2462 Harduini
617 2421 645 2462 et
656 2414 747 2462 Dalee.
759 2413 820 2461 item
837 2413 898 2462 Vet.
917 2413 1003 2462 Dalec.
1015 2411 1144 2462 Harduin.
1159 2416 1215 2462 1.2.
1227 2415 1251 2461 ³.
1261 2413 1360 2462 Miller.

269 2475 376 2538 Bipout.
393 2484 421 2526 et
439 2479 529 2526 Frena.
548 2479 646 2526 trudeat
665 2477 779 2525 Gronov.
796 2483 825 2524 et
841 2475 901 2526 edd.
919 2479 1033 2524 retu-l
1050 2473 1135 2526 cuim.
1149 2491 1194 2538 qaa
1209 2491 1285 2526 araret
1293 2482 1360 2526 aaa.

271 2537 354 2651 galigo
374 2547 440 2603 poat.
458 2541 595 2590 creberrimo
611 2541 686 2590 deest
697 2542 722 2588 in
741 2537 800 2590 eod.
819 2540 958 2590 balea-5
975 2540 1077 2594 Quidem
1094 2540 1124 2590 ab
1142 2539 1179 2588 lta
1197 2541 1282 2603 rulgg.
1299 2547 1361 2589 ante

300 2617 315 2652 a
342 2618 364 2654 c.

765 2699 872 2750 NOTAE

302 2817 315 2852 ⁸
333 2809 422 2858 Ferant
434 2809 515 2873 odore]
533 2809 597 2860 Vide
614 2811 697 2860 Notae
717 2817 745 2860 et
761 2812 795 2861 E·
836 2811 891 2860 aiei
907 2810 1058 2874 perpetuon'
1070 2810 1191 2859 valuisti?
1207 2810 1260 2859 Tu.
1273 2809 1362 2860 Varie.

273 2883 360 2933 mend.
371 2897 438 2932 num.
449 2888 491 2933 48.
835 2887 887 2934 Er.
911 2885 964 2937 Qui
982 2883 1053 2934 rarie
1077 2886 1171 2948 valent,
1188 2883 1364 2948 caprigenum

304 2956 504 3023 literanum]
523 2960 797 3023 Varieauntpantba·
836 2959 964 3009 bominum
994 2973 1044 3008 nou
1073 2960 1160 3022 plicet
1186 2959 1255 3022 mibi,
1276 2973 1364 3023 neque

272 3047 316 3095 ra,
329 3033 466 3098 pandique:
485 3049 541 3084 nam
552 3036 587 3096 ht,
599 3043 627 3086 ut
639 3035 727 3086 atatim
739 3037 798 3086 aub-
838 3034 1017 3098 pantherinunr
1031 3031 1128 3097 genua!

272 3107 583 3171 ditur‚apantberiaaolo
601 3126 678 3176 rearq
694 3110 798 3162 velrolu
870 3107 877 3140 ¹
898 3107 1039 3170 Africanae]
1066 3109 1105 3156 Eo
1131 3105 1232 3174 nomine
1260 3106 1366 3170 pardae,

272 3184 357 3232 colore
369 3183 525 3248 discrepant.
556 3186 624 3236 Sunt
642 3188 712 3236 euim
723 3185 797 3250 pardi
840 3184 1039 3246 pantheraaqne,
1063 3181 1252 3245 intelligebant.
1286 3183 1365 3232 Unda

273 3271 366 3308 marea.
394 3257 799 3310 Amaeularnmvarietatedue·
839 3259 952 3310 Africam
971 3261 1053 3323 ipram
1073 3260 1147 3322 pardi
1168 3260 1228 3322 pelli
1254 3259 1366 3309 similem

272 3341 301 3382 ta
312 3332 444 3381 variarum
461 3334 602 3396 appellatio
618 3343 667 3386 eat.
699 3335 798 3385 Pardua
839 3350 896 3386 erae
909 3344 1010 3386 reterea
1020 3336 1119 3392 dixere,
1131 3349 1237 3398 quorum
1247 3336 1366 3384 testimo·

273 3407 343 3457 Galli
361 3408 466 3470 leoparda
485 3409 662 3471 appellamus:
684 3409 799 3458 Pautlra·
838 3411 882 3459 nia
893 3411 959 3459 idern
972 3411 1116 3459 Bocbartua
1127 3410 1235 3474 colligit,
1252 3411 1302 3460 loe·
1317 3409 1365 3461 eit.

272 3487 449 3542 raaparterea.
482 3481 598 3532 Gloaaar:
627 3483 798 3547 Vua-inflarat·
838 3500 896 3547 cap.
909 3489 933 3534 7.
945 3499 1005 3548 pag.
1015 3488 1073 3534 787.

272 3561 314 3615 λη,
330 3553 452 3618 πάρδαλις.
486 3559 588 3608 Graecia
603 3567 688 3609 antem
708 3559 796 3623 παρδα-
847 3557 985 3624 ‚tornare
1003 3559 1056 3623 boc]
1080 3557 1258 3622 subintellige,
1284 3559 1365 3610 Sena·

271 3635 310 3675 arr
329 3635 357 3676 at
374 3627 463 3692 adrtrp
486 3645 562 3680 rocea
593 3633 694 3698 utrique
726 3636 798 3684 sexui
840 3635 1036 3684 tuacuuaultnur.

273 3703 415 3766 promiscue
425 3717 581 3756 communae.
592 3709 673 3762 ,Vide
685 3710 797 3780 Boebqr·
870 3707 882 3742 Β
895 3709 941 3759 Ca.
953 3707 1074 3774 Aufidiae]
1084 3708 1160 3758 Auno
1173 3707 1251 3757 Urbis
1261 3721 1367 3762 ncaxx.

273 3783 338 3841 tum,
349 3785 424 3840 parte
442 3779 533 3841 prima,
551 3781 583 3828 de
595 3779 708 3834 Animal.
721 3797 762 3832 ιιι.
773 3789 796 3834 8.
838 3785 918 3848 garrit
929 3785 1095 3834 Tribunatum
1108 3783 1198 3846 plebia.

272 3865 332 3916 pag.
344 3855 400 3902 80⁰.
411 3859 439 3901 et
449 3856 505 3903 8⁰1.
540 3853 580 3903 Ad
598 3855 647 3904 boe
667 3856 796 3906 variarum
868 3855 875 3890 ¹
904 3855 1018 3920 deame]
1052 3855 1141 3906 AEdilir
1170 3857 1270 3916 crrmlia,
1297 3873 1367 3910 anno

273 3925 424 3976 vocabulum
437 3927 543 3978 Plautus
559 3929 653 3990 eiluein,
665 3930 690 3978 in
707 3931 796 3994 Epidi·
839 3931 1297 3996 ucxcvr.1..cupnmter¹bone,a.
1310 3933 1366 3984 Ga-

273 4016 340 4062 ear.
358 4007 381 4053 l.
393 4007 431 4054 la.
440 4003 557 4069 idemque
577 4006 758 4068 pantherarum
770 4007 796 4056 ld
837 4007 910 4058 binio
920 4009 995 4059 Cera.
1007 4007 1074 4058 Vide
1087 4019 1187 4058 xxxvl.
1200 4013 1240 4058 tt.
1257 4022 1327 4058 num.
1338 4014 1367 4061 l.

272 4091 329 4128 erre
342 4079 472 4143 proprium
483 4079 613 4133 admonet.
645 4077 709 4131 ‘na
726 4082 795 4134 Quid
