3148 4884
265 361 351 426 1379
630 377 662 422 c.
687 373 805 422 norun
830 371 992 422 saeuum

313 516 577 599 xc111.(xnn.)
599 517 722 583 Cetera
742 517 897 600 exempla
917 517 1060 581 fortunae
1084 514 1244 580 variantis
1267 515 1356 579 iunu-

268 638 366 684 mera·
386 626 475 684 sunt.
520 619 652 684 Etenim
683 637 759 701 quta
789 618 892 682 sacit¹
923 637 1045 700 magna
1067 617 1287 698 gaudia-uisi
1313 635 1358 680 ex

268 721 391 784 malisl
407 728 466 784 aut
481 741 555 803 quae
570 721 660 784 mala
675 721 848 797 immensa,
863 719 927 782 uisi
943 739 987 783 ex
1000 721 1192 802 ingentibus
1207 719 1357 802 gaudiial

311 819 461 906 (xum.)
486 821 640 887 Servavit
661 822 884 904 proscriptum
911 841 932 885 a
957 821 1050 906 Sylla
1074 821 1124 884 M.
1153 816 1362 884 Fidustium‘

269 931 466 1000 senatorem,
483 923 579 987 annis
607 929 767 986 xxxv1.²
792 923 851 986 sed
872 923 993 986 iterum
1016 921 1252 1005 proscriptus.⁸
1295 921 1359 985 Sn-

269 1033 401 1106 perstos
417 1025 521 1108 Syllae
536 1025 632 1101 vixit,
656 1025 715 1087 sed
737 1043 844 1108 osque
868 1025 912 1087 ad
928 1023 1105 1088 Antonium
1116 1024 1139 1084 :¹¹
1162 1028 1359 1105 constatque

269 1126 363 1190 nulla
385 1126 453 1189 alia
478 1125 518 1188 de
544 1144 651 1189 causa
678 1125 722 1188 ab
742 1143 784 1187 eo
807 1123 1046 1207 proscriptum,
1061 1141 1162 1206 quem
1184 1124 1266 1206 quia
1285 1141 1361 1206 pro·

270 1227 417 1310 scriptus
433 1225 563 1290 luisset.

315 1343 424 1390 xnrv.
445 1326 663 1410 Triumphare
675 1325 715 1390 Ρ.
727 1323 944 1391 Ventidiumi
959 1328 1002 1390 de
1018 1326 1150 1390 Parthis
1161 1327 1272 1391 voluit
1287 1327 1361 1409 qui·

271 1427 345 1492 deur
357 1428 480 1506 solum,
492 1428 552 1492 sed
563 1429 704 1492 eundem
717 1428 750 1490 in
761 1425 1122 1511 triumphoAscnlauol'
1133 1427 1194 1492 Cn.
1207 1429 1362 1512 Pompeii

174 1543 178 1548 ·
272 1528 462 1594 Strabonis¹
486 1531 585 1594 duxit
600 1549 761 1614 puerum:
786 1547 975 1612 quenquam
991 1528 1163 1594 Masurius
1180 1538 1295 1594 auctor
1310 1535 1363 1594 esl

305 1826 372 1874 Cer.
383 1817 461 1874 xnrrt'.
481 1829 493 1874 1
512 1825 555 1874 lte
565 1823 717 1884 Chiffl.seeil
726 1825 786 1877 edd.
797 1833 858 1876 ente
870 1826 980 1875 Brotier.
1009 1825 1084 1882 Mos,
1103 1823 1194 1875 Dslee.
1212 1824 1261 1871 sisi
1280 1837 1311 1872 es
1326 1823 1362 1871 is·

272 1889 379 1947 clunibus
394 1891 519 1938 mulin—2
536 1891 598 1939 ‘lte
616 1890 691 1938 codd.
711 1891 794 1953 Rogo.
812 1899 840 1940 et
858 1891 945 1940 Editio
961 1891 1090 1952 princeps.
1124 1889 1232 1936 Frustra
1248 1887 1364 1936 eruditus

274 1953 423 2002 lietduinus
435 1956 459 2001 iu
471 1955 553 2001 ultera
570 1969 616 2001 stra
634 1953 746 2004 editione
764 1955 912 2003 emendavit
924 1953 1064 2003 XXXlll.
1083 1952 1288 2012 Proscriptioues
1306 1951 1364 2013 Syl·

273 2017 332 2065 leue
343 2025 370 2066 et
382 2015 528 2066 Antoninus
539 2017 667 2079 postulant
678 2031 811 2068 numerum
820 2020 848 2069 Χ
849 2017 876 2068 Χ
878 2020 905 2068 Χ
909 2017 961 2068 Vll
981 2017 1094 2067 Brotler.
1116 2013 1200 2065 XXX
1204 2015 1248 2065 l'l.
1260 2023 1365 2063 servant

274 2081 352 2129 etism
364 2080 426 2131 Ate.
435 2081 508 2132 lunt.
521 2082 598 2130 lleeil.
611 2081 692 2140 Ltrgd.
710 2084 819 2138 Erasml.
829 2081 934 2132 Frsulrf.
948 2086 1020 2132 loss.
1032 2081 1122 2129 Delec-
1135 2080 1215 2143 lugd.
1226 2083 1297 2128 1999.
1309 2079 1365 2129 Ele.

274 2145 390 2194 Gronov.
408 2153 433 2193 et
452 2146 576 2194 llsrduln.
590 2145 730 2196 XXXIII.
741 2147 798 2196 eorl.
813 2147 905 2198 Deles.
916 2157 944 2196 et
957 2145 1085 2195 llsrduiu.
1095 2157 1153 2193 euru
1165 2143 1225 2192 edd·
1237 2143 1363 2194 llsrtluiu.

274 2213 299 2258 9.
311 2211 334 2258 9.
352 2209 460 2259 Gesner.
469 2211 574 2272 Bipout.
587 2219 614 2258 et
626 2211 718 2260 Fraus.
747 2211 821 2268 Mox,
832 2211 981 2260 lietduinus
992 2212 1017 2258 ln
1032 2209 1147 2259 editione
1155 2209 1252 2273 prims:
1269 2210 1310 2256 sed
1320 2208 1365 2256 lle·

274 2285 327 2320 nm
336 2275 480 2336 suscriptas
489 2282 604 2336 superstes
614 2274 686 2338 Sylla
695 2275 759 2323 uixit
768 2289 840 2338 esque
850 2278 881 2325 od
894 2276 1041 2338 Antonius:
1058 2273 1174 2322 Gronov.
1186 2279 1213 2321 et
1225 2271 1284 2321 edd.
1300 2279 1365 2320 vett.

274 2338 315 2384 sed
324 2337 409 2386 itm
416 2339 567 2402 murium.
583 2337 706 2402 &pentes
716 2339 790 2412 Syllae
800 2340 862 2388 uiuit
872 2353 952 2402 mue,
960 2343 1001 2403 lc.
1028 2337 1150 2388 Nostrum
1162 2338 1299 2386 lectionem
1311 2349 1366 2385 ser·

275 2409 337 2450 veut
350 2402 475 2452 llsrduin.
487 2408 510 2452 9.
524 2407 547 2452 l.
559 2402 670 2453 Gesner.
682 2403 788 2466 Blpout.
801 2411 827 2453 et
839 2403 929 2452 Frons.

308 2465 375 2517 Cer.
388 2479 462 2516 nutv.
480 2472 493 2516 t
512 2467 636 2518 ummo
648 2479 698 2516 uon
714 2469 807 2532 legitur
819 2469 845 2517 lu
858 2467 915 2518 cod.
930 2467 1020 2516 llslec.
1050 2465 1124 2531 llos,
1137 2465 1252 2517 Gronov.
1270 2465 1365 2514 uusa-

765 2645 873 2700 rtons
897 2631 901 2642 “

308 2741 319 2773 l
333 2741 370 2792 M.
381 2740 526 2804 Fidustium]
543 2740 611 2792 Vide
622 2741 707 2792 Nom
724 2749 752 2792 et
768 2743 801 2792 ll·
841 2739 1008 2808 interiectus)
1033 2739 1192 2800 Ventidium,
1217 2753 1264 2802 per
1289 2753 1366 2804 quous

275 2817 361 2867 rueud.
373 2822 508 2866 nouus.
842 2819 932 2869 urbem
952 2817 1154 2881 interceptione
1175 2815 1320 2866 l’ieeutiuur
1339 2815 1366 2864 iu

309 2891 428 2938 alterum
443 2891 598 2954 muffulae]
622 2891 803 2958 subintellige,
841 2895 971 2956 triumuiro
988 2893 1080 2944 duotrts
1098 2897 1163 2948 erut.
1180 2890 1207 2940 in
1226 2905 1257 2940 es
1269 2892 1367 2940 cousu-

277 2965 310 3016 sb
326 2965 449 3016 Antonio.
482 2965 550 3016 Nsur
566 2975 696 3031 superstes
713 2967 802 3032 syttoe,
841 2969 919 3018 lareru
931 2975 1085 3032 protentum
1098 2967 1251 3030 jungentem
1266 2966 1369 3014 Preto-

276 3044 324 3092 διο.
842 3043 904 3101 rire:
928 3044 997 3097 idern
1018 3042 1059 3095 lric
1078 3049 1169 3106 postes
1187 3039 1368 3105 triumphavit:

307 3113 394 3166 l‘Sed
404 3115 757 3182 eqoulstontas1vsqus
769 3117 800 3168 ud
843 3121 882 3182 lle
894 3119 967 3184 hnjus
980 3117 1096 3168 Ventidii
1111 3117 1219 3166 victorie
1237 3124 1265 3166 et
1282 3116 1368 3166 trium·

277 3191 309 3242 Α.
319 3191 352 3241 ll.
363 3191 393 3241 C.
403 3205 494 3240 nccvr.
511 3193 554 3258 quui
566 3193 646 3256 creuit
656 3194 689 3242 ab
701 3201 802 3244 autrum·
842 3197 893 3259 piro
904 3196 1072 3246 consulendus
1088 3203 1217 3258 proteres
1234 3193 1368 3257 suptarus

276 3283 310 3317 uo
327 3269 387 3316 cuni
406 3267 554 3332 superioris,
576 3283 627 3317 ers
645 3267 802 3339 Antoninus,
842 3271 870 3330 lu
879 3272 970 3320 Pertlr.
988 3287 1013 3334 n.
1026 3275 1082 3325 llll.
1100 3269 1232 3320 Plutarch.
1249 3269 1275 3318 iu
1286 3268 1369 3318 Anto·

276 3345 302 3394 in
315 3343 422 3392 numnis
433 3342 511 3391 etiam
523 3342 622 3392 Claudii
635 3344 802 3408 Imperatoris
842 3347 895 3402 uio,
914 3350 1011 3410 uult.
1042 3346 1095 3396 Dio
1115 3343 1161 3394 lib.
1179 3357 1254 3394 xnrx.
1272 3348 1370 3408 atos

276 3419 436 3482 consignate,
453 3418 570 3482 quonism
589 3417 638 3469 luit
659 3420 680 3470 is
700 3421 738 3470 Μ.
749 3420 803 3470 Au·
844 3424 960 3478 Frontis.
978 3423 1092 3483 Straton.
1113 3435 1133 3470 r.
1145 3425 1168 3470 1.
1193 3419 1292 3470 Gellius
1302 3434 1334 3480 lb
1344 3425 1370 3473 4.

277 3493 339 3543 touii
352 3506 446 3558 nepos:
463 3507 563 3557 quoque
574 3507 641 3542 anuo
653 3507 744 3544 nccvr.
755 3495 804 3544 luit
844 3512 870 3562 p.
882 3501 939 3548 799.
972 3497 1005 3548 lu
1018 3496 1122 3558 Segusini
1141 3495 1262 3557 crimmis,
1274 3511 1299 3558 u.
1313 3499 1369 3554 tet,

276 3569 803 3634 hecubAntoniolaeteproscriptio:eo
844 3586 913 3622 nunc
941 3571 1042 3622 cimelii
1063 3571 1147 3636 liegii,
1174 3584 1205 3621 rs.
1226 3584 1290 3622 sur.
1309 3583 1370 3620 rua.

277 3643 422 3708 quoderat
442 3645 472 3703 is,
497 3652 526 3694 ot
545 3645 571 3693 in
591 3661 693 3696 nummo
715 3655 804 3698 vetere
844 3648 915 3712 cujus
937 3662 1028 3711 uerupe
1048 3649 1166 3712 pertibus
1187 3663 1214 3696 se
1234 3648 1370 3698 Ventidius

278 3718 411 3782 scribitur,
435 3721 474 3768 Μ.
496 3723 582 3771 Anno.
598 3735 666 3774 rur.
684 3736 711 3772 u.
734 3736 760 3773 r.
779 3737 804 3773 c.
846 3725 991 3780 addixerat.
1008 3739 1040 3774 ex
1055 3739 1144 3784 srerss
1155 3733 1277 3788 μαψ.
1289 3738 1369 3784 vsun,

277 3794 403 3842 ‘Marcus
427 3792 554 3843 Antonius
577 3795 723 3859 Imperator
745 3797 805 3846 Rei·
846 3813 1004 3852 pertunsa.

278 3869 389 3934 publicae
408 3869 601 3918 Constituendo
613 3869 635 3918 :'
656 3885 713 3919 coru
736 3879 806 3922 esset
874 3874 1030 3938 laterum]
1052 3874 1172 3926 Asculum
1191 3877 1285 3928 Piceni
1303 3879 1372 3936 cole·

279 3947 378 3996 csssu
396 3957 451 3994 nrc.
469 3945 573 3995 ‘Cursu
593 3945 731 3996 Dictator'
749 3955 806 3996 teu·
845 3951 924 4013 nisio,
944 3965 959 4000 s
976 3951 1024 4000 Cu.
1044 3950 1168 4014 Pompeio
1187 3953 1278 4015 Magni
1297 3961 1372 4017 petre

279 4019 352 4072 tuus!
370 4021 471 4069 lidesc-
846 4032 950 4088 captiua
969 4026 1036 4074 bello
1054 4027 1150 4082 sensti.
1168 4024 1248 4076 refert
1257 4028 1372 4082 Velleius

311 4097 318 4130 ¹
335 4097 365 4145 P.
382 4093 527 4155 Ventidium]
552 4096 667 4146 Velleius
680 4110 713 4146 tr.
726 4102 767 4147 6⁵.
781 4113 806 4160 p.
846 4111 877 4152 ιι.
887 4104 927 4150 91.
940 4114 965 4164 p.
978 4105 1018 4152 1⁰.
1034 4108 1062 4150 et
1073 4100 1175 4152 Gellius
1186 4102 1234 4152 loc.
1245 4102 1290 4152 cit.

281 4176 321 4224 19.
339 4171 428 4222 ‘Vidit
438 4171 479 4220 liic
491 4183 572 4220 sunus
590 4169 655 4236 (qno
667 4171 753 4240 Cossu
765 4182 807 4224 est
