3148 4884
519 413 606 462 uer.
630 414 730 462 arse.
754 415 827 462 ure.
851 415 917 464 vn.
937 401 991 464 sl.
1208 403 1295 467 140⁵

200 511 310 618 ineisa
327 555 467 631 cervice,
483 561 517 620 et
532 556 591 619 vix
610 557 807 635 cohaerente,
817 558 926 642 jacuit
939 561 973 623 in
992 562 1101 626 littore
1118 567 1186 626 toto
1201 562 1294 627 die.¹⁵

203 653 337 718 Deinde
351 675 427 718 cnm
452 655 755 739 advesperavisset,
782 677 859 722 cum
872 658 898 699 ¹⁶
919 661 1043 742 gemitu
1069 663 1294 744 precibusque

202 763 399 838 congregata
411 758 618 822 multitudine
633 760 742 842 petiit,
762 761 812 824 uti
828 761 1007 846 Pompeius
1028 763 1072 825 ad
1097 783 1133 826 se
1157 766 1294 841 veniret,

202 863 263 919 aut
288 857 434 940 aliquem
460 878 505 922 ex
530 859 716 923 arcanis¹⁷‘
744 861 908 926 mitteret:
931 882 969 926 se
998 864 1086 928 enlm
1111 865 1155 927 ab
1179 863 1292 928 inseris

203 961 389 1039 remissum,
404 960 526 1025 babere
544 981 620 1044 quae
646 963 824 1027 nuntiaret.
868 962 966 1028 Misit
981 965 1091 1047 plures
1110 965 1293 1047 Pompeius

202 1079 247 1126 ex
261 1062 390 1138 amicis,
412 1063 533 1144 quibus
555 1061 726 1128 Gabienus
741 1063 827 1128 dixit
835 1064 871 1128 :¹⁸
882 1073 896 1102 ²
945 1065 1063 1130 Inferis
1078 1066 1145 1130 diis
1161 1067 1294 1148 placere

203 1161 361 1245 Pompeii
376 1181 498 1227 causes
514 1171 548 1228 et
570 1171 682 1246 partes
696 1165 791 1248 pias:
815 1166 950 1248 proinde
967 1177 1122 1232 eventum
1137 1167 1294 1244 loturum,

203 1283 305 1346 quem
320 1271 472 1347 optaret:
495 1265 560 1329 boo
585 1283 622 1328 se
637 1267 786 1329 nuntiare
806 1265 959 1350 jussum:
982 1276 1210 1349 argumentum
1223 1267 1293 1332 lore

203 1367 364 1442 veritatis,
392 1365 484 1449 quod
511 1369 656 1448 peractis
684 1367 863 1445 mandatis,
904 1371 1057 1452 protinus
1083 1371 1294 1453 expiraturus
1382 1365 1386 1374 '

203 1465 325 1532 esset:’
346 1467 446 1549 idque
462 1467 512 1530 ita
525 1470 675 1532 evenit¹⁹
717 1467 805 1533 Post
824 1471 1031 1554 sepulturam
1047 1491 1181 1554 quoque
1204 1473 1295 1536 viso·

203 1587 275 1631 rum
290 1569 448 1650 exempla
463 1575 558 1633 sunt:
582 1570 647 1634 nisi
658 1569 747 1653 quod
762 1579 890 1636 naturae
906 1591 1019 1655 opera,
1028 1591 1093 1636 non
1105 1571 1258 1656 prodigia
1267 1579 1295 1610 ²⁰

204 1677 450 1736 consectamur.

250 1769 463 1856 nrv.(1.11r.)
499 1771 656 1854 inprimis
675 1779 789 1837 autem
815 1773 977 1838 miraculo
997 1779 1072 1838 sunt
1102 1779 1202 1856 atque
1231 1773 1296 1838 ire·

205 1874 318 1955 quenti
334 1881 458 1937 mortes
474 1875 669 1956 repentinae,
689 1874 767 1950 (boc
782 1882 846 1949 est,
862 1894 991 1939 summa
1006 1876 1084 1939 vitae
1096 1883 1110 1910 ⁸
1124 1874 1297 1958 felicitae)
1325 1919 1334 1930 ,

205 1993 291 2056 quas
304 1993 378 2038 esse
391 1975 560 2040 naturales
575 1974 609 2012 ¹l
623 1974 828 2040 docebimus.
872 1975 1039 2041 Plurimus
1049 1977 1195 2060 prodidit
1214 1975 1296 2040 Ver·

662 2219 841 2242 mn

204 2363 289 2414 chifll-
298 2367 479 2416 chetim-td
497 2367 612 2416 Gronov.
623 2377 651 2418 ct
660 2369 692 2418 al.
703 2377 764 2420 unte
775 2369 902 2419 Haeduis.
910 2374 960 2419 totu
971 2369 1085 2418 die-ld
1103 2367 1296 2418 Pertleolocroa

203 2428 366 2480 desideratur
384 2431 410 2479 in
428 2431 486 2481 eod.
506 2433 662 2482 ostes-re
680 2433 720 2482 ltu
739 2435 815 2483 codd.
837 2433 974 2494 Haeduini,
990 2435 1083 2483 Delec-
1100 2430 1220 2482 etcbiffl.
1232 2433 1296 2480 ltere

204 2493 262 2542 edd.
274 2493 402 2545 llerduln.
416 2499 437 2544 Ι.
447 2499 472 2544 2.
483 2498 507 2544 8.
520 2495 614 2546 Miller.
627 2497 732 2560 Bipout.
743 2507 770 2546 et
783 2500 874 2548 Frena
890 2513 922 2547 es
937 2499 1015 2548 elteri·
1026 2498 1141 2548 Gronov.
1154 2505 1181 2546 et
1193 2497 1295 2544 stante

204 2557 376 2608 Harduinuru.
410 2561 483 2620 Mox,
502 2561 587 2608 Purm.
602 2575 627 2609 oe
643 2567 722 2610 estem
735 2579 759 2611 u.
771 2563 790 2612 i.
802 2579 823 2610 r.
835 2563 960 2624 lataeque
970 2563 1030 2624 quud
1040 2561 1236 2610 rulime-to
1253 2559 1296 2610 lto

204 2621 281 2670 codd.
294 2621 434 2684 lietduini,
448 2623 541 2672 Delec.
551 2633 577 2672 et
589 2621 673 2674 Cbitll.
685 2627 747 2674 item
759 2627 817 2676 edd.
830 2626 955 2674 llnrduin.
974 2631 997 2675 l.
1011 2631 1034 2674 l.
1046 2629 1069 2673 8.
1083 2625 1177 2673 Miller.
1190 2625 1298 2686 Bipont.
1341 2641 1347 2653 ·

204 2693 231 2734 et
245 2685 334 2735 Fraus.
345 2687 492 2736 dititdeest
504 2702 546 2750 sp.
564 2688 677 2738 Gronov.
696 2700 724 2739 et
743 2691 777 2740 sl.
795 2701 855 2740 ante
867 2689 1106 2740 lindoinum-19
1119 2685 1203 2738 cntffl.
1215 2689 1295 2750 itaque

204 2749 240 2798 itu
252 2751 389 2800 nouit-2⁰
405 2751 467 2801 Vet.
480 2751 570 2802 Doleo.
581 2754 725 2814 prodigiose.

236 2813 305 2863 Car.
315 2827 371 2864 aru.
389 2819 402 2863 1
420 2816 506 2864 Perre.
514 2823 593 2865 uatem
602 2819 653 2866 cion
660 2818 772 2866 miraculo
781 2817 1063 2879 ruat,utquefreqseatie
1072 2816 1164 2876 mertis,
1175 2817 1215 2876 du.
1226 2830 1296 2879 quon

204 2893 254 2928 em
273 2881 411 2930 neuram
445 2877 531 2930 chiffl.
549 2882 638 2943 etiem,
655 2882 793 2944 frequentia
810 2883 910 2938 noctise
937 2882 995 2930 cod.
1008 2881 1101 2934 Doleo.
1116 2879 1297 2944 frequenter.-

689 3075 797 3126 NO'l'AE

203 3217 259 3265 nes,
271 3203 336 3266 Reg.
348 3208 371 3252 1.
382 3203 406 3253 2.
425 3205 509 3254 Pesla.
528 3203 612 3256 chiffl.
627 3210 674 3254 dte.
692 3213 730 3254 at·
771 3205 881 3266 Pompeii
897 3203 1031 3252 coma-³
1042 3203 1138 3251 Temen
1156 3216 1213 3251 cum
1232 3201 1297 3252 Mra.

204 3293 253 3341 que
275 3278 403 3328 editiones
431 3293 519 3329 omnes
541 3291 602 3329 aute
628 3280 735 3340 sigism.
769 3295 852 3348 museo
867 3279 990 3341 babeant,
1008 3279 1070 3328 nibil
1086 3276 1231 3328 mutamus!
1249 3277 1296 3326 Ed.

203 3353 339 3402 Geleniom
362 3355 461 3416 legunt,
482 3355 586 3403 Cauris
613 3353 731 3413 classium,
770 3369 816 3403 uc.

203 3427 272 3476 torte
292 3441 340 3489 pro
360 3429 516 3484 curnam,
539 3429 578 3477 vel
598 3429 729 3478 eumerio·
803 3437 815 3462 ὃ
831 3429 926 3478 Summe
936 3429 1004 3492 cde]
1021 3429 1090 3478 Huic
1100 3428 1235 3476 sententiae
1245 3443 1296 3476 non

202 3518 265 3562 nm,
287 3517 338 3567 qus
367 3517 429 3553 voce
450 3503 604 3569 frequenter
623 3505 730 3554 'l'acitur
770 3505 892 3554 absimilis
904 3505 1151 3567 illesuperior,cup.
1167 3508 1207 3552 tr.
1225 3503 1297 3552 ‘Nu-

202 3581 293 3628 utitur.
770 3585 829 3628 tura
845 3595 905 3628 vero
922 3579 985 3628 uiltil
1005 3577 1150 3627 bominibus
1168 3577 1296 3626 brevitate

235 3657 243 3688 ⁸
262 3654 417 3718 Enerensis]
434 3654 548 3704 ltnblss.
558 3667 655 3714 omnes,
667 3653 729 3714 aeg.
771 3655 830 3704 ritae
843 3655 966 3718 prestitit
978 3651 1084 3702 melior!
1118 3651 1149 3700 ln
1160 3653 1226 3700 bunc
1239 3667 1297 3701 sen-

205 3736 265 3783 m.
282 3732 365 3781 Parin.
381 3729 464 3780 Cbilll.
483 3739 557 3779 vetus
574 3730 664 3780 Doleo.
680 3731 729 3777 dte.
770 3731 877 3778 tentiam
898 3731 977 3778 merite
1004 3728 1121 3792 congerit
1145 3729 1297 3778 Plutarchus

204 3806 326 3871 licceat,
343 3807 454 3871 aliquem
469 3806 501 3856 sb
512 3805 612 3854 troanie
624 3813 651 3853 et
663 3819 678 3852 a
690 3817 729 3852 se·
771 3813 827 3855 toto
849 3806 915 3855 libro
937 3807 970 3854 de
994 3805 1099 3854 consol.
1121 3802 1154 3853 ed
1177 3804 1297 3866 Apollon.

203 3883 281 3931 cretis
295 3883 446 3932 ministrum.
481 3881 552 3931 Editi
568 3882 729 3941 bretonum
771 3881 854 3930 Refer
872 3882 922 3931 buc
941 3895 1042 3946 quoqne
1060 3879 1086 3929 id
1104 3881 1171 3944 quod
1190 3881 1297 3929 Tartzea

202 3957 291 4018 cloria,
303 3957 432 4007 mendose.
769 3959 857 4020 babet,
868 3959 933 4009 chit.
946 3972 964 4006 ι.
976 3971 1014 4008 vr.
1031 3961 1072 4006 88.
1091 3955 1124 4006 de
1136 3963 1228 4018 matre,
1240 3971 1296 4020 qun

238 4039 249 4064 ¹
266 4033 387 4082 Gadium
403 4033 480 4098 dixit]
502 4034 637 4090 Voculam,
655 4032 729 4092 dixit,
770 4049 783 4083 s
796 4033 852 4083 Deo
864 4034 890 4084 id
905 4041 1009 4096 optans,
1019 4031 1087 4096 qnod
1099 4032 1221 4095 optimum
1235 4033 1297 4080 tibe-

204 4106 349 4156 addldlmns
360 4123 392 4157 ex
405 4109 470 4159 ntur.
482 4117 558 4159 antea
570 4110 693 4169 laudatis,
702 4117 730 4158 et
769 4111 804 4159 ris
815 4109 894 4172 toret,
905 4118 1014 4158 mortem
1025 4107 1179 4170 impetmlt.

206 4183 281 4232 colb.
295 4189 317 4232 1.
328 4188 352 4232 2.
363 4189 413 4233 &c-
447 4183 486 4233 Ac
499 4185 576 4248 poulo
589 4193 645 4248 port
658 4185 730 4233 Pom·
801 4183 812 4218 Β
832 4183 969 4246 Naturales]
987 4183 1045 4232 Non
1060 4180 1184 4229 divinitus
1203 4181 1295 4229 immit-

202 4260 253 4324 μὴ·
273 4275 364 4310 coum
385 4260 465 4324 mugla
487 4261 634 4324 probarem,
654 4275 731 4325 quam
769 4260 873 4323 ”qued
886 4255 1151 4320 suaturaprot'eotar.
