3146 4870
561 378 744 431 ennsnrsr
771 383 1020 436 'rnnnnsrnrm
1252 375 1336 440 1269

242 527 330 579 literis
341 526 416 578 modo
427 527 540 580 imbutus
551 531 669 597 quisque,
679 534 734 584 xsed
747 541 775 584 et
786 535 894 598 quilibet
907 551 922 585 e
934 539 1012 601 vulgo
1024 538 1060 587 sic
1072 539 1152 589 sentit
1172 546 1199 590 et
1216 541 1336 606 loquitur.

242 609 313 658 lude
325 616 352 658 et
363 623 502 672 cognomen
514 611 606 660 nobilis
617 613 643 661 in
654 612 791 663 Armorica
805 613 920 674 semiliter,
939 617 981 665 ‘A
999 618 1094 682 Cupite
1109 619 1238 670 Pontium'
1256 621 1336 672 diotre

247 689 350 750 Lartos,
361 689 462 738 Gallice
475 690 661 756 Cieffootoisres,
674 691 830 743 Aremoricus
842 695 1031 755 Perfnntiorr'ors.

279 767 328 816 ‘In
338 774 449 831 qrrotuor
459 769 563 830 capitiu’
596 771 737 834 Hebraico,
748 785 801 822 rrrrt
817 789 845 822 os
853 775 920 836 iroiir,
929 775 937 802 ‘
946 783 973 824 et
984 776 1058 838 erst,’
1069 776 1153 842 inquit
1169 779 1266 842 uliquis.
1299 779 1337 828 Ar

245 849 340 898 rectius
351 849 432 898 multo
442 849 582 912 Psgninrrs,
593 851 601 878 ‘
611 857 638 900 et
648 851 706 901 est!
740 854 808 901 Nom
819 855 903 902 omnis
914 855 1035 920 deinceps
1047 871 1093 920 per
1112 858 1189 906 verbs
1202 861 1335 922 presentis

244 930 369 994 temporis
379 929 421 976 hic
431 930 625 991 exprimuntor;
643 932 763 996 quoniam
775 947 816 982 res
827 934 914 983 Moses
929 935 1064 999 describit,
1076 943 1105 986 ut
1116 945 1190 987 erent
1201 939 1251 987 illae
1264 947 1336 1005 tnnc,

246 1023 304 1058 curn
316 1010 372 1058 lisso
382 1009 462 1058 literis
474 1011 644 1074 consignsrct.
678 1012 727 1060 Ille
747 1019 832 1062 entem
846 1013 1023 1071 Hebreismus.
1035 1016 1078 1064 ills
1098 1017 1169 1072 verbi
1187 1019 1337 1081 geminatio,

244 1088 395 1143 (dividitur,
403 1097 430 1139 et
439 1097 480 1139 est
489 1091 515 1138 in
524 1090 746 1154 qustrrorcspits‚’
756 1092 858 1140 omnino
869 1093 1000 1156 eleganter
1009 1094 1088 1144 dividi
1099 1102 1127 1144 et
1139 1097 1245 1158 perduci
1257 1112 1337 1162 usque

244 1167 272 1218 in
283 1183 326 1218 ers
338 1169 457 1232 regiones
468 1170 584 1219 Persdisi
605 1170 778 1219 amoenitatem
798 1171 929 1234 exprimit.
962 1173 1064 1224 Gallice
1076 1175 1150 1224 istem
1163 1177 1279 1226 versiculi
1292 1178 1337 1226 de-

246 1248 305 1298 cimi
316 1257 428 1312 portem,
438 1250 464 1299 in
476 1261 527 1315 quo
538 1256 594 1300 toto
604 1251 679 1314 lrojns
696 1251 747 1300 loci
759 1250 965 1315 (11111οιι11ιιιιιιῒ,ο
977 1259 1048 1303 recte
1066 1260 1224 1305 converteris
1236 1272 1243 1304 ε
1271 1258 1337 1306 Pour

244 1343 338 1378 morer
348 1330 457 1389 lsjmdio
467 1332 497 1380 dr
504 1331 598 1396 deliros,
608 1333 724 1396 irpnrlest
734 1331 906 1398 (oniomd’iirri)
913 1333 1015 1397 perlege
1025 1348 1079 1384 cers
1088 1340 1170 1398 quoire
1179 1351 1278 1386 rosreer.

243 1476 293 1540 §li-
302 1475 450 1540 Explicntio
462 1490 549 1526 versos
561 1477 688 1528 undecimi
700 1483 726 1526 et
734 1477 888 1528 duodecimi.
909 1483 949 1530 11.
962 1479 969 1506 ‘
981 1480 1081 1532 Nomen
1093 1482 1137 1530 nni
1149 1483 1263 1534 Phison:
1281 1483 1337 1548 ipse

277 1562 318 1604 est
338 1557 381 1620 qni
400 1555 494 1606 circuit
512 1571 613 1607 ornnem
631 1565 723 1606 terrem
742 1557 874 1613 Herilotlu
890 1557 934 1608 nbi
958 1561 1072 1610 noscitur
1090 1563 1196 1611 surum?
1227 1567 1266 1612 12.
1284 1565 1336 1614 ‘Et

279 1651 368 1686 anrnnr
387 1645 464 1687 terrm
483 1637 550 1688 illins
568 1639 692 1702 optimum
712 1644 766 1688 est:
793 1639 829 1688 ilii
847 1639 977 1689 invenitur
997 1641 1127 1698 bdellium,
1144 1651 1172 1691 et
1189 1643 1253 1706 lepis
1273 1657 1336 1707 ony-

278 1716 385 1766 cirione.’

249 1843 253 1850 ·
277 1815 316 1864 Eo
327 1815 416 1864 ordine
427 1813 498 1865 dosii
510 1821 619 1880 qusinor
635 1817 678 1868 irio
695 1817 866 1882 opponentur,
879 1818 1028 1882 qnem'sitrrr
1045 1817 1185 1868 eorundem
1204 1819 1336 1881 postulat:

245 1893 326 1944 ducto
335 1896 453 1944 nimirum
465 1896 538 1944 initio
548 1895 581 1944 sb
593 1897 623 1946 iis
633 1897 742 1960 duobus,
753 1899 796 1962 qni
808 1905 869 1948 sunt
881 1912 967 1948 versor
979 1899 1111 1948 meridiem
1123 1914 1131 1959 ς
1143 1897 1237 1947 deinde
1248 1899 1336 1962 eppei·

243 1975 305 2024 istis
316 1974 416 2024 dnobus
427 1975 476 2024 illis
489 1975 533 2040 qui
544 1981 605 2025 suot
616 1977 649 2025 sd
662 1977 825 2041 Aquilonem.
860 1979 899 2028 Ac
911 1978 1104 2042 primoquidem
1122 1978 1179 2026 loco
1193 1978 1338 2026 nominetur

244 2055 321 2119 isqui
333 2061 373 2103 eet
384 2055 411 2102 in
424 2053 546 2104 Austrum
557 2057 742 2105 remotissimur
751 2073 762 2118 ;Ι
775 2057 868 2107 deinde
889 2059 910 2107 is
922 2058 966 2122 qui
983 2059 1009 2107 in
1029 2057 1121 2106 eodem
1131 2064 1218 2106 tractu
1229 2063 1269 2105 est
1278 2071 1337 2120 pro·

243 2135 304 2198 pior
314 2135 425 2186 Judsrrc.
458 2135 556 2185 Postea
567 2137 660 2187 trensit
674 2137 707 2186 sd
719 2152 776 2188 enm
788 2140 830 2202 qui
841 2147 880 2189 est
892 2139 1077 2188 remotissimus
1097 2139 1122 2187 in
1144 2138 1252 2186 Boreum
1264 2143 1291 2185 et
1311 2137 1337 2184 in

245 2221 364 2264 exortum
375 2215 444 2265 Solis
455 2217 573 2266 sestirorn
582 2217 614 2266 nd
627 2229 696 2266 orsm
707 2218 776 2268 siuns
786 2219 885 2268 Persici
895 2235 904 2279 i
920 2227 947 2268 et
959 2218 1017 2268 inde
1029 2217 1062 2267 nd
1073 2217 1188 2266 citimum
1201 2216 1280 2272 venit,
1292 2229 1336 2264 serr

244 2295 389 2358 proximum
400 2296 560 2360 Palaestinos,
571 2297 615 2361 qni
624 2303 665 2346 est
676 2299 830 2361 Euphrates.
862 2299 979 2362 Scriptor
991 2299 1071 2348 Sacer
1082 2297 1140 2346 libri
1152 2295 1338 2351 Ecclesiastici

244 2375 273 2424 in
282 2375 321 2424 iris
332 2375 447 2424 omnibus
457 2377 619 2439 sppeiiendir
628 2392 679 2427 non
691 2378 765 2442 situs,
776 2379 829 2428 sire
840 2379 899 2440 loci,
913 2378 959 2426 sed
971 2377 1107 2439 dignitati·
1123 2375 1238 2424 ordinem
1258 2388 1337 2437 quen·

245 2454 305 2504 dem
316 2468 419 2505 terrore
431 2455 543 2518 ridetur,
557 2457 618 2506 dum
638 2457 775 2506 Phisoncm
796 2458 876 2521 primo
891 2458 949 2506 loco
964 2457 1090 2518 nominet,
1109 2454 1203 2502 deinde
1221 2453 1337 2516 Τίςιίιιις

244 2547 305 2583 mox
316 2530 484 2599 Euph'rstem,
495 2549 570 2600 quem
581 2537 666 2600 Tigris
686 2544 715 2586 et
732 2537 847 2600 rigum
864 2544 943 2586 aetrte
961 2535 1146 2595 absorberent3
1172 2539 1262 2596 poster
1278 2533 1337 2583 Jor—
1434 2599 1435 2602 Ἴ

245 2614 354 2664 donem:
372 2623 503 2679 postremo
516 2617 573 2666 loco
585 2617 655 2666 reiut
667 2617 798 2670 minimum
810 2617 931 2678 omnium,
941 2615 1085 2682 Gelonem,
1115 2613 1196 2662 Eccli.
1209 2625 1286 2662 xxiv.
1296 2617 1337 2661 85.

244 2695 315 2748 ‘Qui
333 2697 423 2759 implet
438 2697 511 2761 quusi
532 2697 628 2746 Phison
646 2697 811 2760 replentium,
828 2705 856 2745 et
876 2698 945 2746 sient
964 2695 1048 2758 Tigris
1063 2694 1089 2742 in
1105 2691 1195 2742 dicbus
1207 2705 1338 2743 novorum.

246 2776 297 2826 Qui
309 2775 435 2838 adimplet
445 2777 519 2840 qussi
530 2777 676 2839 Euphrstes
695 2789 816 2838 sensum3
840 2777 883 2840 qui
903 2774 1061 2839 multiplicet
1081 2773 1154 2838 queri
1172 2772 1294 2823 Jurdonis
1311 2773 1338 2821 in

247 2863 363 2918 tempore
374 2856 472 2904 messis.
498 2857 549 2908 Qui
560 2855 640 2905 mittit
648 2855 809 2920 disciplinsm
821 2856 888 2906 sicut
897 2857 989 2916 locem,
997 2861 1024 2903 et
1033 2852 1154 2902 resistens
1163 2853 1235 2916 qnasi
1247 2851 1338 2901 Grlron

244 2935 271 2988 in
283 2934 325 2985 dic
338 2935 494 2987 vindemie!
517 2935 642 2986 Procedit
653 2937 736 2987 cretio
748 2951 763 2985 s
773 2935 815 2986 die
826 2951 961 2998 uovorum,
974 2935 1005 2983 sd
1018 2942 1120 2996 ternpus
1131 2931 1229 2988 messis.
1241 2939 1268 2980 et
1281 2931 1341 2980 inde

245 3013 278 3062 sd
290 3015 356 3063 diem
369 3013 512 3065 vindemie.
544 3015 581 3064 At
592 3031 643 3066 non
654 3017 747 3080 exigue
758 3023 830 3066 certe
842 3029 898 3066 erse
913 3016 969 3065 lirec
989 3013 1103 3075 flumine,
1120 3012 1216 3062 Plrison
1240 3019 1267 3060 et
1286 3011 1338 3060 Ge·

244 3092 306 3156 horr,
316 3095 445 3144 Sirenides
456 3095 495 3144 iris
508 3095 752 3158 rerbissignificett
767 3097 810 3160 qui
833 3097 928 3160 alioqui
945 3094 1070 3144 dicendus
1085 3099 1164 3155 esret,
1182 3099 1210 3140 ot
1232 3099 1340 3140 annotet

244 3173 522 3238 Beilsrminus,inepte
533 3189 697 3238 compsrrsse
707 3189 831 3226 commem
849 3173 1005 3224 riiinentirm
1017 3173 1112 3223 divinoe
1132 3172 1267 3235 sapientie
1285 3172 1340 3220 exi·

245 3253 302 3316 guis
322 3253 454 3315 smnibrrsr
471 3260 498 3302 et
516 3254 619 3304 eordenr
636 3269 724 3304 omnes
743 3256 852 3318 exiguos
874 3253 1035 3318 conjunxisse
1052 3267 1111 3304 curo
1129 3251 1340 3304 celebratissimis

245 3331 403 3397 fluminibus,
413 3334 484 3397 Tigri
496 3340 524 3384 et
536 3334 679 3397 Euphrste.

277 3412 407 3463 ‘Plrirom'
423 3413 490 3462 Illud
504 3413 622 3480 estquod
635 3416 643 3444 ‘
655 3413 751 3466 flumen
763 3414 879 3465 Achsnn'
894 3429 910 3464 e
922 3415 1007 3465 Plinio
1019 3414 1174 3477 appelletur,
1195 3425 1234 3461 rr.
1253 3416 1295 3460 8².
1313 3414 1339 3461 in

244 3491 421 3557 descriptione
439 3492 552 3544 Arsbiae‘.
587 3495 655 3544 Nem
672 3495 740 3544 hunc
758 3495 912 3559 scriptorem
933 3509 1011 3544 unnm
1028 3493 1126 3543 idcirco
1143 3492 1184 3542 iric
1200 3492 1340 3556 sequimur,

244 3573 364 3638 quonism
384 3573 408 3621 ei
430 3589 487 3623 curn
503 3575 588 3624 Secrir
612 3575 707 3624 [sileris
727 3575 753 3624 in
770 3575 820 3624 hec
841 3583 915 3638 perte
936 3571 1043 3622 mirifice
1060 3570 1189 3632 convenit,
1207 3577 1234 3620 ct
1249 3570 1340 3622 iisdem

243 3652 271 3702 in
289 3653 336 3703 ltro
359 3653 503 3718 quaetione
522 3653 691 3718 explanandis
709 3654 840 3718 egregiam
861 3653 944 3702 lucem
966 3650 1050 3702 effert.
1084 3651 1131 3700 Ert
1147 3650 1279 3700 enimvero
1298 3667 1342 3702 sc·

243 3737 286 3772 ⁰¹¹¹
291 3733 362 3772 11·“
392 3735 467 3774 ‚ren
454 3735 629 3800 descriptio
651 3734 765 3790 Arsbire,
782 3748 858 3799 qnsrn
878 3732 976 3782 Plinius
995 3731 1123 3782 exhibet:
1143 3739 1251 3794 recepte
1268 3731 1343 3782 ninri·

246 3749 555 3865 111111ι1111ω111111111111111
574 3809 627 3848 ⁸⁰¹⁸
663 3815 748 3846 *²³¹¹
735 3816 824 3858 ...mv
841 3814 1053 3864 1ιιιιι·ιιιιιιιι1)ιι
1067 3813 1131 3862 situs
1143 3811 1342 3875 diligentissimo

246 3882 385 3944 scriptore,
396 3892 472 3942 qoem
490 3875 524 3926 ad
538 3875 712 3940 computando
723 3874 807 3924 omnis
822 3874 847 3922 iu
865 3882 947 3922 ons..
1036 3893 1279 3922 .-.1.ιιιιιιιιιι.
1295 3891 1329 3918 ι..

246 3969 344 4025 gustus,
362 3960 431 4008 ituro
451 3956 483 4006 ed
501 3955 638 4006 Parthicos
654 3954 830 4018 Arabicssque
841 3967 882 4002 res
893 3952 989 4015 majore
1006 3951 1060 4012 ejus
1077 3947 1129 3996 lilio
1141 3945 1204 3995 Ceio
1217 3945 1341 4002 Cesar03

246 4049 301 4090 tum
323 4055 355 4088 ex
372 4037 476 4099 scriptis
493 4050 508 4086 s
525 4034 595 4086 ,iubs
611 4048 672 4098 rege
690 4031 860 4082 voluminibus
877 4031 910 4080 nd
927 4028 1037 4079 enodem
1055 4027 1145 4076 Ceium
1163 4023 1290 4072 Caesarem
1308 4018 1341 4068 de

247 4121 337 4170 endem
354 4117 520 4182 expeditione
542 4113 660 4164 Arabico.
699 4114 742 4161 Sic
757 4111 836 4174 igitur
853 4110 953 4160 Plinius
973 4109 1030 4158 loco
1053 4106 1145 4166 cilsto,
1167 4101 1246 4150 ducto
1267 4099 1341 4148 initio

246 4201 279 4252 sis
295 4201 385 4252 intime
401 4204 477 4263 porte
503 4197 572 4244 sinus
592 4194 704 4258 Persici,
719 4191 842 4256 sectoque
859 4191 920 4244 inde
938 4201 1076 4254 progressu
1094 4196 1180 4236 versus
1196 4179 1340 4242 oppositam
