3148 4880
270 342 355 410 teta
631 357 664 406 o.
688 355 810 404 ratuu
834 353 997 403 ssouunr

270 503 365 568 trium
382 501 558 584 jngerum⁰
581 499 816 582 longitndine:5
839 499 938 584 cujus
959 504 1136 564 contactus
1157 501 1356 580 sequentest

270 610 309 666 ut
319 601 406 684 ignis
421 601 544 682 aliquis
560 601 719 666 amburat.

315 719 413 768 xvtt.
451 701 573 766 Mirum
603 700 740 785 pardos,
777 700 970 782 pantheras,
993 701 1135 780 leones·
1163 709 1198 764 et
1222 699 1356 776 similia,

271 805 406 896 condito
419 805 454 868 in
468 805 615 887 corporis
626 804 765 885 vaginas
777 811 787 840 ¹
799 801 812 839 l
826 804 981 884 unguium
991 815 1172 878 mucrone:
1185 821 1225 866 ne
1240 801 1357 866 refrin-

271 916 367 990 gatur
391 907 611 980 hebeteturve,
634 905 783 988 ingredi:
814 906 1009 988 aversisque
1038 903 1189 968 falculis⁰
1218 921 1358 978 currere,

270 1027 334 1074 nec
348 1010 411 1074 nisi
425 1007 615 1091 appetendo
630 1004 877 1090 protendere!²

313 1105 431 1192 (xvi.)
473 1109 579 1173 Leoni
614 1108 790 1191 praecipua
819 1107 1031 1188 generositas,
1061 1113 1138 1171 tunc
1167 1125 1242 1170 cum
1270 1105 1359 1169 colla

272 1229 449 1293 armosque
463 1211 607 1274 vestiunt
625 1210 730 1293 juhae.
774 1207 815 1272 td
838 1209 924 1272 enim
944 1205 1065 1274 tettated
1086 1209 1246 1291 contingit
1264 1207 1360 1270 leone
1407 1195 1411 1204 ’

275 1313 472 1395 conceptis!
517 1309 616 1388 Quos
632 1329 710 1374 uero
724 1309 820 1392 pardi
832 1317 844 1344 ⁸
858 1329 1067 1391 generavere,
1082 1329 1215 1392 semper
1235 1308 1359 1388 insigni

277 1411 343 1476 hoo
359 1419 490 1477 carent:
503 1413 603 1478 simili
618 1412 719 1478 modo
734 1407 906 1476 immina!
931 1411 1108 1493 Magnai'm
1122 1409 1226 1476 libido
1241 1412 1359 1484 coitus,

307 1605 320 1629 ¹
339 1597 438 1646 Condito
449 1597 512 1646 iuter
521 1598 583 1646 estis
593 1612 675 1658 ngas,
686 1597 763 1646 isaias·
772 1596 875 1658 anian,
883 1596 996 1656 ιιμίιιι
1005 1611 1122 1646 namu.

309 1659 320 1691 ⁶
338 1661 461 1724 Deprensis
471 1661 589 1723 aemulas
598 1675 707 1711 mue:
722 1675 764 1710 sec
774 1661 865 1709 ausu
873 1663 1019 1723 protendere,
1028 1661 1077 1710 sisi
1086 1675 1139 1710 east
1148 1660 1251 1722 produn
1261 1657 1360 1721 oppetit.

277 1935 371 1984 Dalec.
382 1933 418 1982 ito
428 1932 580 1996 inflexis-d
597 1933 605 1960 ⁸
618 1933 660 1982 lta
669 1933 771 1996 quidem
781 1933 840 1984 libri
851 1947 938 1984 omnes
950 1933 1039 1996 scripti
1048 1941 1075 1981 et
1087 1933 1158 1982 editi.
1185 1930 1222 1981 At
1238 1931 1364 1980 Aristote-

278 2000 326 2062 les,
335 2013 351 2046 a
361 2011 411 2060 qno
422 1999 475 2046 hac
487 2002 616 2046 mutuatus
629 1999 731 2047 ridetur
742 1999 850 2060 Plinius,
861 2000 898 2048 ait
913 1997 983 2047 tttsr.
1001 1997 1110 2047 Animal.
1127 2011 1169 2046 tx.
1182 1999 1223 2046 tt.
1234 1995 1266 2045 sis
1275 1993 1363 2046 aaa·

277 2080 319 2126 pas
330 2058 437 2125 ὀργυιάς
454 2059 545 2120 etipse
557 2059 657 2109 Plinius
670 2075 696 2110 v.
706 2067 732 2111 9.
744 2077 837 2126 orgyas
847 2061 880 2111 de
891 2061 1006 2125 passibus
1018 2063 1126 2125 accepit.
1153 2061 1221 2124 Ergo
1233 2075 1279 2124 pro
1289 2061 1365 2110 trias

273 2127 385 2189 jugerum
393 2126 433 2174 itio
441 2123 632 2182 intelligendum
645 2127 716 2174 imam
725 2141 832 2189 possessu
842 2125 1004 2190 hegitadiue’
1020 2127 1134 2175 Brotier.

312 2189 379 2240 cue.
396 2201 465 2238 xvtt.
483 2193 494 2236 l
514 2187 624 2239 Quidam
641 2204 682 2250 ap.
701 2191 790 2240 Dateo
805 2193 891 2254 pedus
908 2191 1022 2250 assim
1044 2187 1128 2240 chiffl.
1145 2187 1249 2250 sumeris
1267 2188 1364 2248 agius.

279 2255 343 2305 Mos
355 2253 414 2303 cod.
431 2253 523 2302 Dalec.
533 2259 560 2301 et
571 2253 632 2302 Vct.
650 2254 775 2316 ejusdem.
790 2253 954 2316 astringentes·
963 2254 1141 2316 utunturque
1147 2269 1157 2310 ι
1173 2249 1259 2304 cutm.
1275 2250 1363 2311 reseis·

278 2323 351 2384 geter
371 2317 590 2368 &Maurae—2
610 2317 669 2367 Vet.
694 2319 781 2368 Dalec.
802 2321 1004 2382 protendereed
1025 2317 1068 2368 lta
1088 2317 1165 2368 codd.
1187 2315 1316 2366 llarduini
1337 2320 1366 2365 et

770 2487 878 2538 NOTAE

280 2593 355 2658 fuga:
368 2611 467 2661 nempe,
479 2605 507 2648 ut
517 2599 687 2662 Philosophus
698 2599 733 2648 ait
744 2613 805 2662 pau·
845 2600 993 2650 cancellata
1006 2601 1087 2650 cutim
1099 2601 1162 2650 alias
1173 2599 1241 2650 enirn
1253 2595 1370 2658 saginas,

280 2671 306 2720 lo
317 2674 490 2735 explanatius,
506 2689 563 2723 cum
579 2675 646 2724 inter
657 2673 806 2738 fugiendum
846 2675 871 2724 iu
882 2689 945 2739 quas
956 2675 1050 2725 condat
1061 2688 1168 2739 ungues,
1180 2675 1221 2723 ico
1231 2672 1313 2721 untias
1324 2669 1369 2717 ha-

281 2745 400 2797 defeetus
423 2749 518 2798 viribus
537 2750 678 2800 consistere
695 2749 807 2812 cogitur,
846 2752 900 2814 bet,
911 2754 949 2802 uti
962 2759 1065 2802 monent
1076 2753 1094 2801 il
1107 2753 1151 2816 qtti
1170 2753 1196 2801 in
1206 2747 1371 2800 Bibliotheca

283 2827 338 2870 tnta
356 2837 418 2872 uero
435 2824 569 2874 descendit
586 2826 619 2874 ad
639 2824 703 2874 illud
719 2833 806 2874 extre·
846 2827 1053 2878 christianissimi
1074 2828 1154 2890 Regia
1171 2827 1271 2876 leonem
1290 2822 1370 2871 disse·

282 2899 579 2964 nummulatriam
589 2908 639 2962 est,
653 2901 686 2950 ad
701 2915 807 2965 egeren-
847 2909 967 2962 onerant,
984 2917 1053 2950 anno
1073 2905 1145 2951 litut.
1183 2901 1236 2951 Sed
1255 2901 1294 2948 ita
1309 2903 1371 2946 snut

285 2974 341 3022 dum
354 2975 447 3024 alvum.
845 2977 947 3027 articuli
958 2977 1095 3039 digitorum
1104 2975 1248 3039 compositi,
1256 2973 1372 3038 aptique,

315 3055 327 3081 ⁰
346 3049 427 3098 iiim
437 3050 561 3117 monn]
577 3053 714 3118 Vel,qasd
726 3055 808 3103 multo
846 3061 878 3104 ut
897 3067 997 3116 unguas
1018 3051 1133 3115 arrigere
1154 3065 1184 3100 aa
1207 3047 1373 3114 protendere,

285 3125 391 3174 similius
410 3141 468 3176 esse
486 3128 540 3177 seri
562 3127 673 3184 ridetur,
688 3143 807 3192 passm
847 3145 905 3181 cunt
929 3130 1008 3190 lubet,
1028 3137 1139 3193 queant:
1156 3127 1310 3189 eosdemque
1331 3137 1372 3172 re·

284 3209 404 3264 quatuor.
448 3201 516 3251 Vide
546 3203 627 3251 Notas
648 3211 678 3252 et
698 3203 806 3252 Eruend.
847 3207 938 3256 ductos
957 3211 1035 3267 atque
1048 3203 1171 3254 demissos
1189 3203 1258 3251 inter
1273 3199 1371 3262 digitos

283 3290 353 3326 naas.
363 3279 447 3326 si.-⁴
459 3277 541 3326 ltiast
550 3275 674 3339 mm]
691 3278 757 3327 Duru
769 3277 808 3328 io·
847 3280 969 3344 condere,
985 3295 1016 3330 ue
1033 3279 1150 3342 inmun
1161 3277 1315 3328 hebetentur
1327 3279 1373 3324 ant

286 3353 333 3415 git,
357 3351 442 3400 tirsum
468 3352 561 3416 egerit,
580 3351 664 3402 donec
686 3353 808 3416 jugerum
848 3355 1031 3417 refringantur.

286 3428 362 3477 trium
374 3429 484 3492 spatium
498 3427 621 3492 fugiendo
634 3429 808 3492 percurrerit!
880 3439 891 3465 ⁶
909 3429 1024 3494 Fnlealis]
1039 3429 1080 3478 Sic
1096 3440 1194 3492 angius
1210 3434 1297 3490 uocat,
1313 3425 1372 3475 asi·

288 3503 389 3551 Edaee.
849 3503 1149 3555 militudiueenmi'nlee.

319 3579 484 3643 escensu]
500 3580 560 3630 Sive
580 3593 657 3630 canes
676 3581 810 3646 tussqnen·
882 3579 939 3629 ‘ld
960 3581 1023 3630 esisa
1042 3579 1126 3643 atde]
1152 3581 1212 3629 Non
1231 3579 1318 3630 atatim
1340 3578 1374 3626 ah

288 3659 338 3713 tas,
349 3661 379 3703 nt
390 3653 559 3718 Philosophus
571 3657 620 3706 loc.
632 3657 677 3706 cit.
693 3665 723 3708 et
738 3657 812 3707 Auti-
850 3663 910 3706 ortu
931 3657 1006 3705 leone
1025 3669 1124 3720 quoqne
1145 3655 1238 3720 genitis
1259 3654 1375 3718 legitime

288 3729 693 3792 gounacasysius,llist.htirah.
704 3735 812 3796 caph&
851 3733 943 3781 catulis
955 3732 1027 3794 jubas
1049 3731 1213 3794 contingunt,
1236 3729 1283 3778 sed
1310 3737 1375 3779 tesn-

288 3803 343 3852 siue
354 3805 431 3854 etiam
448 3803 570 3862 homiues,
581 3813 610 3856 ut
624 3807 738 3856 AElianas
753 3822 812 3857 ceu·
852 3821 926 3870 pore,
936 3806 1072 3869 aetatisque
1084 3821 1229 3870 progressu.

290 3877 351 3926 soit.
884 3889 895 3916 ⁸
908 3883 974 3938 Quos
983 3897 1037 3931 uero
1046 3883 1127 3945 pardi]
1135 3883 1237 3932 Solinns
1248 3882 1302 3931 hac
1314 3881 1376 3932 itetn

322 3959 333 3984 ¹
349 3953 449 4016 Βιιιιιι]
465 3955 508 4004 De
527 3957 644 4006 leonibus
662 3957 731 4007 idem
750 3973 812 4022 quo·
852 3958 973 4019 ePliuio,
983 3971 1040 4022 cap.
1050 3961 1091 4006 al.
1102 3971 1162 4021 pag.
1171 3962 1214 4008 ⁵⁰.
1246 3956 1303 4006 Hos
1316 3971 1377 4005 uero

291 4040 341 4090 qne
352 4029 467 4078 referunt
477 4031 577 4081 Solinus
587 4047 645 4096 cap.
654 4037 694 4083 at.
707 4047 764 4097 pag.
772 4039 812 4084 tto.
853 4035 988 4097 leopardos
1009 4042 1113 4096 vocam,
1133 4034 1205 4098 qnasi
1226 4047 1259 4082 es
1286 4033 1328 4082 lea
1349 4040 1378 4082 et

290 4103 424 4156 Plutarch.
434 4106 467 4154 de
480 4107 573 4156 solert-
586 4106 669 4158 antu.
687 4113 813 4172 pagano.
854 4107 934 4174 pardo
946 4108 1048 4172 genitis.

324 4177 335 4211 δ
353 4180 384 4230 lu
399 4182 502 4246 corperis
519 4182 632 4246 muta]
647 4183 722 4234 lutra
737 4199 814 4250 rugas
884 4184 1194 4248 ‘Sindimdossusisd
1209 4184 1379 4251 netlesujn·
