3146 4870
277 353 363 425 1294
509 442 520 454 .
642 371 674 418 c.
699 368 819 418 rursu
843 369 1008 420 suuuuns

277 511 421 594 musique
432 518 458 561 ³⁷
473 518 659 592 narrentur,
673 521 786 578 temes
800 513 986 598 spithamas
996 511 1212 596 longitndine,
1227 511 1290 578 boc
1305 519 1373 590 est.

278 623 389 680 ternos
403 612 582 678 dodrantes
598 633 665 678 nou
679 614 894 692 excedentes,
914 613 1039 679 salubri
1054 613 1157 692 coelo,
1172 633 1369 698 semperque

277 714 476 793 vementes·
503 717 677 780 montibus
694 718 737 782 ub
752 715 925 800 Aquilone
939 717 1125 800 oppositis:
1148 736 1231 800 quos
1245 735 1268 780 u
1281 717 1370 798 grui-

277 818 343 882 bus
357 817 504 882 infestari
519 817 689 884 Homerus
712 827 864 902 qnoque¹²
887 817 1045 902 pmdidit.
1090 817 1195 882 Fumo
1210 824 1274 894 est,
1290 818 1371 882 insi·

277 917 392 984 dentes
414 919 550 983 arietum
576 939 815 1004 caprarumque
835 921 955 997 dorsiS,
971 924 1113 984 armatos
1125 919 1256 1002 sagittis
1278 919 1370 984 veris

278 1025 426 1104 tempore
443 1019 602 1085 universo
617 1022 750 1104 agmine
765 1021 809 1086 ud
830 1041 921 1086 mere
941 1019 1153 1098 descendere,
1168 1025 1202 1084 et
1216 1037 1283 1084 osu
1297 1020 1370 1103 pul·

277 1121 397 1204 losquo
413 1139 528 1185 eurum
544 1120 658 1186 alitum
678 1140 888 1188 consumere:
910 1121 1012 1186 ternis
1033 1119 1282 1204 expeditionem
1296 1140 1370 1186 eum

278 1221 448 1286 mensibus
462 1221 595 1298 confici,
611 1222 705 1286 aliter
718 1223 835 1288 suturis
850 1223 1001 1306 gregibus
1015 1242 1078 1287 non
1093 1223 1214 1288 resisti.
1262 1221 1371 1288 Cusus

278 1341 393 1390 eorum
417 1323 489 1387 luto
508 1324 695 1408 pennisque
705 1333 730 1376 ³⁹
755 1331 940 1391 etovomm
962 1325 1192 1407 putaminibus
1214 1324 1370 1390 construi.

279 1420 478 1490 Aristoteles
492 1432 506 1460 '
525 1426 561 1489 in
575 1427 729 1492 cavernis
748 1427 859 1492 uivere
874 1426 1052 1513 Pygmaeos
1067 1426 1185 1491 trudit:
1209 1432 1319 1490 cetera
1329 1426 1371 1490 de

278 1523 343 1601 his,
357 1529 395 1589 nt
407 1523 539 1608 reliqui.

322 1624 452 1708 Cyrnus
469 1625 627 1692 ludorum
649 1636 791 1710 genus⁴⁰
814 1629 969 1712 Isigonus
992 1628 1090 1692 annis
1116 1627 1267 1694 centenis
1283 1645 1368 1710 quu-

279 1727 433 1810 drugenis
448 1728 572 1792 vivere.
618 1729 737 1795 ltem⁴¹
761 1732 973 1815 AEthiopss'
999 1728 1196 1795 Macrobius
1217 1734 1252 1794 et
1272 1730 1372 1794 Serus

279 2044 338 2152 host
349 2037 475 2090 incudem
487 2037 545 2089 cod.
556 2043 584 2087 et
601 2036 685 2088 cutffi.
704 2051 754 2088 nou
772 2037 893 2100 leguntur
904 2051 990 2094 voces.
1000 2041 1069 2101 prelo
1079 2038 1223 2088 edere-tt
1240 2036 1283 2087 dle
1294 2039 1372 2089 codd.

309 2102 424 2162 erduiui3
441 2104 478 2152 ric
498 2117 599 2168 quoque
616 2103 752 2152 Trerurbur
769 2116 801 2150 ex
822 2102 905 2152 reteri
919 2103 1028 2162 codice3
1045 2105 1107 2151 item
1127 2100 1254 2150 llsrduin.
1276 2107 1298 2153 1.
1310 2107 1335 2152 2.
1346 2108 1371 2154 8.

279 2167 377 2216 Miller.
397 2167 503 2230 Bipont.
520 2173 548 2216 et
569 2167 661 2215 Frons.
686 2166 754 2215 ‘Alit
772 2173 833 2215 suut
851 2174 879 2215 et
897 2167 1103 2230 Peutmpitlmmi
1120 2165 1284 2227 Megmtlmui
1301 2168 1371 2230 opud

278 2231 366 2280 Strrb.
386 2229 430 2280 lib.
447 2243 495 2281 xv.
518 2230 562 2279 ubl
583 2231 639 2279 baec
658 2239 792 2308 currantur
812 2229 915 2308 omnir!
935 2231 1018 2308 Dulce.
1053 2229 1193 2306 Spilburrroei
1215 2229 1372 2306 Pygmoeiqrre

279 2293 721 2408 maiixiii.iiiii*
733 2291 1373 2422 illuuiem.gluttiunt&

279 2427 311 2472 88
329 2422 411 2473 Codd.
422 2423 513 2472 Drlrc.
525 2431 553 2471 et
565 2420 649 2472 Cbidl.
738 2427 926 2472 emente-so
942 2421 1027 2473 cutm.
1035 2423 1175 2499 pimirqrer
1191 2430 1217 2469 et
1227 2435 1285 2470 mox
1294 2423 1318 2471 iu
1331 2437 1374 2472 eo·

279 2488 349 2549 dem,
365 2486 525 2550 putaminibus
535 2487 656 2544 merui:
695 2487 757 2537 olet.
772 2486 934 2550 putaminibus
952 2490 1114 2536 emm-to
1132 2487 1192 2534 Ver.
1208 2487 1297 2535 Drlsc.
1314 2502 1374 2546 gru·

279 2555 399 2602 term—tl
418 2550 484 2602 Idem
495 2549 754 2616 energumenum.
766 2559 795 2601 et
806 2551 921 2601 Gronov.
948 2551 1032 2601 Prole
1043 2557 1111 2616 post,
1123 2549 1233 2600 ibidem:
1249 2551 1373 2602 neruime-

771 2725 878 2778 NOTAE

280 2841 399 2888 numid.
431 2838 666 2904 Dsl’ygnueirvr.
680 2841 721 2888 88.
753 2838 807 2888 Du·
847 2849 907 2888 Μ.
929 2837 1022 2902 Cupite
1041 2839 1167 2898 inurente,
1181 2837 1254 2886 vultu
1276 2833 1369 2885 burbe-

278 2911 397 2962 drsntem
410 2927 487 2977 porro
499 2919 581 2968 voest.
593 2927 686 2962 norem
703 2928 736 2962 ex
748 2927 805 2964 urse
846 2920 884 2971 to,
898 2927 943 2963 ore
959 2914 1130 2964 rrletudlnem
1148 2927 1245 2978 agrum
1267 2919 1296 2961 et
1314 2911 1368 2959 lun-

280 2987 386 3036 unclsr:
409 3001 442 3038 ex
461 2987 528 3051 pede
546 2989 591 3052 qui
609 2993 648 3038 18.
668 2988 806 3051 pollicibus
846 3004 952 3054 quorem
964 2999 1087 3043 terrente.
1099 2992 1333 3058 .)(.rovrrvvrru.
1345 3001 1371 3039 r.

279 3061 423 3127 concubit,
435 3062 542 3128 pollicer
554 3077 653 3112 uorem.
848 3081 880 3118 rr.
904 3082 949 3120 ru.
967 3082 992 3120 r.
1011 3083 1074 3122 xur.
1099 3083 1164 3122 reru.
1189 3083 1250 3120 rrrr·
1267 3081 1323 3119 cos.
1344 3080 1371 3116 v.

311 3147 322 3172 ¹
341 3139 459 3188 Homerus
469 3137 569 3203 quoque]
586 3137 661 3187 lllad·
672 3143 697 3186 Γ·
708 3141 733 3186 d·
849 3157 907 3195 nse.
924 3159 964 3196 vr.
984 3158 1005 3194 r.
1017 3159 1042 3196 c.
1073 3145 1180 3210 Jupiter
1198 3151 1260 3206 utut,
1276 3142 1374 3194 sulmeu

311 3213 490 3278 'Aristotelea
516 3212 806 3265 ittet.uetm.vnr.m.
848 3219 1054 3276 dextrsteusnr,
1072 3221 1171 3270 bustum
1193 3221 1314 3270 sinistro:
1339 3217 1372 3267 sd

280 3303 340 3353 psg.
351 3293 409 3339 818.
848 3294 939 3358 pedet,
957 3294 1052 3360 Aquila
1072 3297 1197 3353 ilumeris,
1215 3294 1323 3360 Imperii
1345 3301 1374 3343 et

311 3372 328 3397 '
344 3365 407 3414 trem
434 3362 571 3428 AEriiopn]
607 3365 686 3414 Forte
711 3365 807 3414 tectim
847 3371 958 3435 Augusti
976 3373 1130 3434 symbolum.
1173 3372 1231 3422 Nus
1250 3369 1374 3422 olimrli·

278 3440 391 3490 idem-⁶
405 3439 808 3503 Aldrorrndur,llist.serpeut.
847 3461 876 3498 os
903 3447 995 3510 secuti,
1020 3447 1114 3499 dorem
1133 3448 1261 3499 Juvenum
1285 3448 1373 3511 uppet-

279 3530 306 3580 p.
320 3521 375 3566 188.
402 3515 632 3578 ’Νοείτιιῑιῑοξ
651 3517 743 3582 iuquit,
761 3516 806 3566 ‘lu
846 3523 895 3572 leri
917 3523 1083 3574 Commodum
1100 3524 1126 3574 in
1145 3525 1194 3574 lmc
1214 3524 1291 3573 titulo
1309 3521 1374 3572 disi·

279 3593 358 3642 ltslir
369 3607 429 3642 erre
440 3593 557 3656 viperino
571 3607 622 3643 uon
634 3594 659 3643 in
672 3595 805 3658 epulemur
846 3613 912 3664 mur,
930 3597 1012 3660 irim
1036 3614 1093 3650 cum
1110 3607 1200 3662 speret
1218 3598 1373 3648 tricesimum

278 3667 387 3717 lrutltlis
398 3667 545 3726 adhibetur,
556 3669 602 3720 red
620 3669 653 3720 ob
671 3672 732 3722 vite
752 3671 805 3721 lou·
846 3675 972 3739 quintum.
983 3675 1090 3740 Imperii
1101 3675 1237 3726 decimum.
1264 3674 1373 3723 Senteu

280 3739 440 3806 gitudiueml
463 3745 506 3793 De
517 3745 662 3809 ripsmrum
674 3760 721 3796 usu
732 3745 758 3795 ln
769 3747 806 3796 ei·
847 3751 883 3800 tis
894 3751 932 3800 bis
943 3751 1026 3800 literis
1036 3751 1219 3814 comprehensu
1233 3749 1290 3798 brec
1301 3747 1373 3797 vide·

278 3819 317 3868 bis
329 3817 387 3867 side
398 3817 468 3867 Plio.
481 3823 616 3870 numdi.
647 3819 806 3870 Adrestitu·
845 3833 888 3876 tur
899 3841 971 3877 esse:
997 3824 1245 3882 ‘lOleltrli‚ln
1263 3824 1373 3874 veletu-

278 3893 371 3943 eudem
384 3893 554 3942 valetudinem
567 3908 639 3944 usum
658 3909 715 3946 esse
730 3895 805 3946 com-
844 3900 905 3951 dine
925 3901 1077 3964 Viperarum
1098 3903 1150 3952 Ero
1168 3900 1300 3952 Nutrienti
1322 3899 1373 3948 lm·

278 3969 382 4018 modum
400 3967 599 4032 lmperrtorem,
619 3969 693 4018 testis
710 3977 760 4036 ert,
776 3980 805 4022 ut
845 3975 1007 4038 peratorem.'
1040 3973 1147 4026 lusumr
1167 3974 1314 4025 valetudiue
1332 3973 1372 4023 l'u·

277 4043 381 4108 quidem
392 4042 551 4106 conjicimus,
566 4057 682 4093 nummus
698 4045 805 4109 inriguis
844 4050 895 4100 isse
911 4049 1079 4100 Commodum
1095 4051 1221 4115 ruprrnris
1237 4051 1298 4100 vitre
1317 4064 1371 4100 run

278 4133 311 4169 ex
323 4133 375 4169 tre
390 4133 480 4182 meque
498 4118 525 4168 lu
543 4119 635 4170 birisco
650 4129 753 4172 nostro:
771 4137 804 4177 nr.
844 4125 927 4188 runis,
945 4125 989 4174 ulii
1007 4127 1084 4176 etism
1103 4127 1210 4188 urrmmi,
1226 4140 1274 4176 uec
1288 4127 1372 4190 proci,

278 4210 430 4248 conuentu
442 4209 506 4246 nur.
520 4209 638 4248 mm
651 4208 716 4248 nvo.
728 4213 802 4252 unm.
843 4207 982 4251 testentur.
1015 4200 1120 4266 Jupiter
1146 4202 1249 4260 Vitrlis,
1269 4203 1372 4252 Nature
