3148 4880
272 323 357 392 lect
634 337 669 384 o.
690 335 810 382 rursu
835 334 999 382 suourrnr

271 481 372 562 fugax
389 485 504 546 contro
514 480 729 562 insequentes
741 477 765 544 :⁶
786 477 847 544 sed
859 477 1030 544 advorsum
1042 475 1089 540 ire
1103 472 1166 540 soli
1178 473 1213 540 bi
1224 475 1359 540 audent·

274 581 364 658 Quin
379 583 477 646 etiam
491 581 619 646 flumini
633 582 798 646 innatant:
820 581 983 662 dorsoque
992 585 1006 614 ¹¹
1026 577 1239 660 equitantium
1253 577 1360 644 modo

272 683 430 764 impositi,
445 682 612 746 hiantibus
635 681 794 764 resupino
816 681 929 764 capite
942 679 985 743 ad
1009 697 1165 754 morsum,
1190 676 1306 742 addito
1321 679 1360 742 itt

273 803 312 848 os
327 784 433 861 clara,
449 784 585 848 deintra⁷
608 804 648 849 oe
662 785 752 851 laeva
766 789 913 848 tenentes
925 789 1077 846 extrema
1090 779 1164 862 ejus
1178 778 1361 860 utrimque,

275 891 313 950 ut
326 885 439 950 fraenis
463 886 498 949 iu
513 890 629 949 terrem
645 893 747 967 egunt
769 885 943 967 captivos:
967 901 1007 947 ac
1032 879 1135 945 roce⁸
1158 879 1361 950 etiamsola

273 987 418 1064 territos,
432 993 554 1067 cogunt
576 1003 727 1050 evomere
752 985 895 1049 recentia
913 1001 1055 1066 corpora
1079 981 1123 1044 ad
1139 981 1361 1064 sepulturam.-

275 1085 395 1169 Itnquo
408 1088 464 1150 uni
483 1089 515 1151 ei
537 1088 656 1152 iusnlae
682 1085 846 1152 crocodili
867 1105 932 1150 nou
955 1085 1145 1149 annotante
1167 1081 1361 1164 olfactuque

276 1186 351 1270 ejus
366 1188 496 1270 generis
506 1187 686 1264 bominum,
701 1196 740 1252 ut
761 1187 975 1271 Psyllorum'
1000 1189 1182 1267 serpentes,
1197 1183 1361 1266 fugantur.

276 1287 427 1352 Hebetes
442 1287 561 1352 oculos
572 1295 591 1322 *¹
611 1289 673 1352 hoo
689 1287 810 1352 animal
825 1287 945 1351 dicitur
959 1286 1081 1350 hahere
1094 1286 1129 1350 in
1143 1303 1243 1367 aque,
1264 1290 1362 1349 extra¹

278 1389 429 1452 acerrimi
451 1388 563 1452 visus:
587 1398 794 1471 quatuorque
814 1407 947 1452 menses
962 1387 1091 1471 hyemis
1105 1385 1214 1452 inedie
1229 1403 1362 1467 semper

275 1490 494 1554 transmittere
508 1491 541 1554 iu
556 1509 670 1573 speon.
715 1489 862 1568 Quidem
875 1491 938 1554 hoc
949 1509 1049 1554 unum
1058 1497 1072 1526 ⁸
1082 1487 1240 1573 quamdiu
1253 1487 1361 1563 uiuat,

276 1608 421 1654 creseere
436 1585 650 1655 arbitrantur}
672 1590 754 1654 vivit
769 1600 879 1653 eutem
894 1589 993 1672 longo
1008 1595 1168 1672 tempore.

321 1705 469 1754 xxxix.
492 1689 604 1774 Major
626 1691 797 1755 altitudine
818 1692 852 1754 iu
873 1691 991 1756 eodem
1012 1690 1093 1756 Nilo
1108 1691 1219 1755 bellua
1240 1687 1361 1772 bippo-

276 1797 430 1876 potamus
445 1791 571 1856 editur:
591 1792 720 1874 ungulis
735 1792 848 1869 hinis,¹
861 1801 874 1828 ⁸
887 1793 1003 1876 quales
1018 1793 1138 1869 bubus,
1152 1790 1251 1856 dorso
1267 1791 1371 1874 equi,

277 1900 313 1956 et
319 1891 416 1975 jube,
429 1898 464 1956 et
478 1891 620 1968 hinnitu,
636 1899 743 1957 rostro
757 1891 903 1970 resima,b
924 1893 1034 1958 cauda
1048 1893 1244 1958 sidentibus
1259 1911 1361 1974 apro·

277 2011 348 2056 rum
365 1993 515 2078 aduncis,
530 1993 591 2057 sed
612 1993 722 2058 miuus
739 1994 872 2058 noxiis:
894 1995 1033 2076 tergoris
1048 1995 1092 2059 ed
1114 2002 1208 2060 scuta
1228 1993 1361 2078 peleas-

729 2174 743 2193 0
746 2172 912 2193 mm

277 2287 304 2334 te
313 2285 355 2336 boe
365 2292 431 2336 tento
440 2293 556 2338 nuru-b
573 2288 616 2338 Ite
626 2289 753 2340 Horduiu.
764 2294 787 2338 t.
806 2297 834 2340 et
849 2289 909 2340 edd.
930 2295 993 2339 rett-
1006 2288 1130 2351 segimtet
1142 2321 1150 2338 .
1162 2319 1169 2334 .
1182 2321 1188 2338 .
1201 2249 1363 2349 ‚tenoemteo

279 2349 407 2398 Horduin.
424 2355 447 2400 ἱ.
467 2355 491 2400 8.
509 2353 603 2402 Mittor.
622 2354 727 2416 Bipont.
745 2362 772 2402 et
790 2353 881 2403 Franz.
893 2353 994 2416 segem
1005 2385 1012 2401 .
1024 2387 1031 2402 .
1043 2388 1051 2402 .
1064 2357 1199 2415 ,πατρικίου
1214 2350 1271 2399 rod.
1283 2351 1364 2398 Dele-

279 2415 388 2476 eerupii3
408 2416 527 2466 nocetne
545 2419 723 2481 conjectabat:
734 2419 835 2480 fegoeer
852 2419 876 2467 b.
892 2418 966 2478 “hs-
977 2433 999 2466 e.
1009 2424 1136 2480 repentes.
1165 2417 1236 2470 Mox.
1256 2414 1320 2470 Qui·
1336 2419 1362 2463 et

272 2476 371 2540 flumini
382 2479 440 2528 eod.
452 2480 587 2530 Dotem-i
605 2481 686 2545 codd.
697 2482 787 2534 Doleo.
796 2490 824 2532 et
833 2480 916 2534 cutm
926 2499 942 2532 c
951 2485 1092 2532 dextro-8
1103 2479 1166 2531 cod.
1177 2481 1267 2530 Deice.
1277 2492 1364 2531 ome.

279 2545 328 2590 -9
344 2541 425 2592 cuiffl.
437 2559 482 2593 non
491 2546 589 2594 educet.

312 2606 378 2656 Cte.
390 2619 489 2657 xxxix.
507 2613 519 2656 1
538 2609 579 2657 lta
596 2609 670 2658 codd.
687 2609 826 2674 Herdoiui,¹
843 2610 935 2660 Doleo.
953 2615 981 2658 et
998 2606 1082 2659 chiffl.
1098 2608 1193 2670 emtis
1207 2607 1284 2671 bifidis
1300 2605 1363 2654 edd.

280 2677 344 2719 vett.
357 2679 384 2719 et
397 2671 510 2722 Gronov.
533 2673 614 2723 Panto
626 2681 692 2737 poet,
705 2675 764 2724 Vct.
775 2674 865 2724 Doleo.
875 2676 949 2724 corruo
960 2679 1022 2722 torto
1033 2675 1087 2723 etd.
1097 2689 1120 2721 o.
1134 2673 1236 2722 odoach-
1260 2669 1364 2720 Deinde

769 2817 875 2868 NOTAE

313 2910 472 2975 mersoque]
499 2912 689 2964 crocodilorum
712 2915 801 2965 rideti-
841 2915 888 2966 bru
910 2915 966 2965 hee
985 2921 1145 2976 emanarunt,
1170 2913 1270 2976 δίχηλον
1289 2931 1365 2976 eope·

281 2992 333 3044 cet,
343 3000 405 3049 quot
416 2987 533 3049 captivos
545 2991 570 3038 iu
583 2999 678 3040 terram
690 3002 777 3056 agrrnt.
840 2989 946 3050 sumtus
958 2993 1010 3042 uois
1020 2992 1102 3048 doceb
1113 2993 1193 3052 aiunt,
1203 2991 1297 3053 euntia
1311 2991 1365 3055 bifi-

313 3069 324 3092 '
344 3059 377 3110 m
389 3063 532 3128 Prpttorum]
551 3065 655 3116 Dictum
667 3075 708 3118 eet
721 3067 754 3118 de
771 3069 801 3118 iis
841 3069 878 3116 dir
888 3069 966 3132 quater
976 3069 1055 3118 betur.
1088 3068 1189 3118 Sotiour
1198 3069 1264 3116 hooc
1275 3067 1367 3130 hippo·

281 3143 366 3188 viui.
842 3145 938 3206 potami
960 3143 1160 3207 descriptionem
1187 3141 1318 3193 transtulit
1337 3141 1366 3190 iu

313 3221 329 3246 '
346 3215 448 3265 Hebetes
468 3219 556 3282 nouus]
574 3219 672 3272 Herod.
692 3227 719 3270 et
740 3221 803 3272 Soli·
842 3233 906 3282 opm
918 3236 999 3276 ouum,
1010 3235 1068 3284 cap.
1080 3223 1120 3268 8⁰·
1131 3223 1240 3282 pepbl.
1273 3215 1366 3265 Aldro·

280 3301 337 3351 uus,
348 3291 411 3340 locis
422 3294 518 3356 citetis,
529 3295 617 3346 eedem
629 3297 662 3346 de
673 3297 802 3348 oculorum
843 3295 941 3346 roudus
959 3296 1045 3359 rejicit
1061 3293 1093 3344 de
1110 3295 1241 3356 Quadrup.
1252 3291 1334 3355 btgtr.
1345 3305 1368 3342 r.

281 3365 453 3430 hebetatione,
464 3375 492 3418 et
507 3370 593 3419 inedia
608 3379 717 3435 quotuor
733 3386 802 3422 meu·
844 3375 883 3420 lt.
902 3385 961 3434 paq.
973 3374 1029 3420 tet.
1050 3369 1118 3434 quod
1138 3368 1255 3433 equidem
1277 3366 1367 3427 miror,

281 3440 345 3490 'ium
357 3451 471 3493 narrant.
844 3459 902 3494 cum
913 3459 964 3494 nou
977 3453 1016 3493 tot
1034 3445 1187 3508 scriptorum
1207 3443 1281 3492 modo
1293 3443 1366 3492 testi·

313 3524 325 3550 ¹
343 3517 445 3572 Quidum
466 3521 508 3570 boc
528 3522 610 3586 uuum]
633 3521 713 3572 Arist.
733 3523 803 3574 Hirr.
843 3524 943 3586 moniis,
963 3523 1008 3573 sed
1027 3537 1184 3572 nurrtmarum
1202 3521 1278 3570 etiem
1295 3526 1368 3572 vete·

282 3590 368 3640 Aniffl·
381 3605 406 3642 V·
417 3599 457 3642 ²⁸·
471 3611 529 3657 Μ·
541 3601 597 3646 635.
844 3615 898 3648 rum
921 3601 1079 3648 auctoritate
1099 3595 1230 3646 firmetur:
1252 3593 1369 3656 Philippi

313 3672 325 3704 ⁸
344 3665 445 3726 &8¹⁴²ss
469 3669 541 3733 bt'ttt'e]
559 3673 617 3722 Hoc
640 3681 689 3736 ent,
710 3675 803 3726 bifidis.
842 3677 960 3724 nimirum
973 3675 1077 3736 impet
1089 3672 1255 3734 Otacitite,io
1274 3669 1369 3734 quibus

238 3798 241 3806 .
280 3739 331 3789 Sed
343 3741 405 3790 birris
414 3743 801 3809 matrummomntumeouicum
843 3767 965 3816 expressa
982 3735 1268 3814 hippopotami'frguro,
1285 3745 1368 3810 quatit

280 3817 345 3864 miro
363 3819 527 3868 consensione
546 3821 571 3870 iu
586 3837 618 3870 ea
636 3838 707 3882 uoce,
727 3829 802 3890 qurum
843 3827 877 3876 ab
889 3827 927 3874 hie
938 3827 1086 3874 unctoribur
1102 3823 1253 3874 detineatur.

280 3891 367 3956 bifidis,
395 3893 461 3956 quod
498 3896 624 3958 glossema
660 3899 803 3964 videbatur,
874 3901 1096 3964 bRusti-oresium]
1113 3899 1369 3948 Srtrsurnvernunres

281 3967 367 4014 edere.
411 3967 508 4017 Herod.
539 3970 583 4019 tib.
602 3985 633 4020 rr.
663 3987 721 4036 pop.
748 3981 802 4026 titi.
845 3979 931 4028 ducto.
963 3979 1005 4027 Sic
1023 3977 1165 4028 Columella
1187 3989 1225 4024 rt.
1247 3979 1269 4024 i.
1291 3988 1369 4024 utres

280 4041 407 4090 Diodorus
417 4041 469 4092 sic.
481 4043 527 4092 tib.
539 4058 557 4093 t.
569 4061 626 4110 pag.
635 4051 675 4096 ³1.
686 4058 713 4098 et
725 4049 803 4102 Arist.
844 4056 950 4104 resimas
962 4055 1038 4118 dixit,
1049 4068 1095 4120 pro
1106 4053 1183 4102 simis.

282 4117 352 4168 liter.
364 4115 448 4166 Aoim·
460 4130 491 4168 tt.
504 4121 542 4168 12.
560 4135 618 4185 pag.
631 4124 686 4171 196.
702 4139 733 4172 ex
751 4129 804 4188 qui·
