3070 4872
193 353 201 408 ῗ
289 357 376 426 1602
652 374 684 420 c.
707 369 824 419 aaran
849 368 1013 418 senuaar

290 517 474 584 concubino
494 515 631 598 procaci
646 532 720 578 rure
736 520 911 578 onrasnrnq
935 513 1049 590 edissa
1067 529 1104 576 se
1120 515 1274 594 negante,
1290 515 1380 578 occi·

290 620 384 684 derat
401 618 546 694 boram,t
575 620 737 698 actusque
759 616 794 678 in
820 614 970 691 exitium,
996 618 1152 696 tanquam
1173 615 1295 680 colono
1317 635 1380 680 suo

291 721 475 786 mmmmm.

333 821 454 884 Tauris
480 820 515 884 in
539 823 699 902 aspectu¹
726 816 944 899 generositas,
976 822 1070 880 torva
1098 816 1213 894 tronto,
1243 818 1381 881 auribus

291 922 424 997 setosis,
450 922 604 984 cornibus
632 920 664 982 in
686 920 860 1002 procinctu
877 917 1123 981 dimicationem
1155 919 1381 1000 poscentibus.

291 1022 358 1087 Sed
387 1027 459 1086 tota
485 1020 701 1085 comminatio
727 1019 892 1102 prioribus
916 1019 949 1081 in
975 1017 1127 1099 pedibus.
1171 1017 1248 1080 Stat
1276 1018 1382 1082 isar·

236 1173 238 1178 .
290 1123 473 1205 gliscenta⁶
488 1122 632 1186 alternos
646 1120 823 1202 replicans,
833 1137 1060 1201 spargensque
1071 1118 1105 1182 in
1116 1119 1229 1182 alvum
1241 1137 1382 1194 arenam,

292 1229 325 1286 et
340 1223 433 1287 solus
448 1221 639 1286 animalium
653 1241 695 1285 eo
707 1221 842 1284 stimulo
858 1219 1050 1284 ardescens.
1096 1217 1251 1282 Vidimus
1264 1237 1307 1282 cx
1322 1220 1382 1282 ira·

292 1323 441 1408 perio¹³‘
466 1323 673 1396 dimicantes,
702 1329 734 1386 et
756 1321 830 1385 ideo
860 1325 1060 1386 monstratos
1086 1320 1199 1396 rotari,
1226 1320 1383 1384 cornibus

293 1423 448 1489 cadentes
472 1423 596 1504 excipi,
622 1424 808 1506 iterumque
831 1440 1010 1502 resurgere,
1037 1420 1137 1484 modo
1161 1420 1316 1502 jacentes,
1339 1439 1383 1484 ex

292 1525 393 1588 humo
409 1523 493 1600 tolli,
517 1523 732 1606 bigarumque
755 1523 855 1587 etiam
870 1540 964 1584 curru
981 1521 1124 1597 citato,¹⁴
1138 1521 1227 1584 velut
1242 1521 1384 1602 aurigas,

292 1625 455 1689 insistere.
499 1623 733 1688 Thessalorum
759 1624 867 1705 gentis
892 1623 1063 1686 inventum
1090 1628 1155 1697 est,
1179 1639 1266 1703 equo
1285 1622 1385 1704 juxta

294 1724 566 1813 quadrupedante
597 1745 699 1789 cornu
724 1726 873 1790 intorta*¹
903 1724 1033 1788 cervice
1065 1730 1179 1786 tauros
1210 1729 1384 1786 necaret¹⁵

327 1906 338 1939 ⁵
356 1907 405 1962 Qut
422 1912 449 1956 ut
467 1922 569 1956 ommis
584 1907 697 1970 preberet
714 1907 810 1981 pueruto
828 1905 961 1981 crambes,
978 1905 1019 1968 qui
1035 1919 1067 1955 es
1083 1920 1109 1954 eo
1125 1908 1233 1964 gustam
1250 1917 1386 1966 uuquarsse

293 1971 407 2083 segaginta}
414 1971 778 2098 macmzrmaeffm
788 1971 843 2018 aa&
853 1983 875 2018 es
883 1974 987 2032 pararet.

294 2261 319 2307 a.
331 2261 355 2305 t.
371 2256 582 2320 brittonumque.
595 2260 723 2310 etFraoa.
749 2258 798 2308 Sed
815 2263 866 2307 tcta
882 2257 1030 2307 comminutio
1046 2255 1163 2318 prioribus
1179 2257 1204 2304 iu
1215 2255 1312 2316 pedibus
1321 2260 1387 2304 stat:

296 2319 342 2379 iro,
354 2323 394 2382 ipo.
404 2321 464 2371 edd.
477 2329 540 2371 vett.
553 2329 580 2370 et
592 2323 705 2372 Gronov.
734 2323 785 2371 Pro
798 2328 845 2371 stat
857 2323 894 2370 ira
905 2323 964 2370 Ver.
979 2321 1070 2369 Datee.
1082 2319 1159 2367 babet
1170 2320 1260 2367 statim.
1294 2319 1388 2382 Margo

296 2385 356 2432 edd.
371 2385 460 2434 Datee.
473 2393 500 2434 et
509 2387 622 2435 Gronov.
633 2392 690 2436 stat.
723 2387 764 2434 ira
774 2401 800 2446 g.
809 2403 832 2433 a.
842 2386 948 2450 replicat,
957 2387 1093 2446 spargitque
1101 2385 1119 2432 i.
1130 2398 1153 2432 a
1161 2383 1184 2430 b.
1197 2389 1219 2430 et
1229 2385 1293 2430 sotus
1302 2398 1325 2430 a.
1336 2398 1357 2431 s.
1367 2399 1389 2431 s.

295 2449 405 2497 ardescit.
430 2447 512 2498 chiffl.
527 2451 642 2510 repticuas
655 2450 721 2499 orbes
736 2465 903 2513 spargensque,
921 2453 1026 2510 &o-tt
1047 2449 1113 2496 Edit.
1132 2447 1222 2494 Datec.
1238 2447 1346 2494 Vidimus
1358 2448 1389 2495 de

296 2511 402 2572 imperio.
434 2513 509 2572 Mox,
520 2527 606 2574 margo
618 2513 676 2561 edd.
689 2515 780 2563 Datec.
792 2522 818 2562 et
832 2514 943 2561 Gronov.
952 2513 1004 2560 ideo
1014 2525 1039 2560 se
1048 2513 1232 2560 demumstrutoa
1243 2517 1329 2565 rotare.
1337 2525 1389 2558 ear·

296 2575 365 2623 sibae
375 2591 394 2623 c.
406 2590 427 2623 e.
438 2575 455 2622 i.
464 2591 484 2625 r.
496 2591 550 2624 mox
560 2578 667 2637 jacentes
676 2593 707 2626 es
717 2578 740 2627 b.
751 2593 774 2627 a.
786 2577 896 2639 bigasque
904 2577 976 2626 etiam
985 2589 1013 2623 ac
1022 2589 1105 2624 currus
1115 2574 1200 2622 citatos
1210 2575 1248 2622 aei
1258 2573 1287 2622 ab
1297 2574 1390 2634 aurigis

296 2641 388 2688 sistere.
421 2639 505 2686 ‘Attir
521 2641 633 2689 dimicare
644 2646 667 2688 et
683 2641 742 2689 ideo.
777 2641 843 2689 Atii:
862 2641 1013 2702 bigarumque
1031 2639 1104 2688 etiam
1120 2639 1197 2684 cursid
1216 2639 1289 2684 citato
1304 2637 1341 2685 nei
1358 2637 1391 2685 ab

297 2703 390 2762 aurigis
400 2702 518 2752 obsistere.
551 2703 619 2752 Atii:
636 2703 809 2763 mosiacsstes
825 2703 988 2752 bumsattotii.
1021 2701 1089 2753 Atii:
1107 2701 1235 2762 iterumque
1246 2715 1301 2748 max
1311 2715 1391 2749 resur·

296 2779 363 2825 gere,
379 2771 403 2814 et
413 2765 520 2826 iacentes
535 2766 603 2816 burrus
618 2767 705 2816 attaiti.
739 2767 822 2832 bago:
840 2767 984 2824 dimicantes,
994 2766 1045 2814 ideo
1055 2780 1080 2814 se
1090 2767 1182 2814 demum
1191 2769 1281 2812 stratos
1294 2769 1390 2812 rotare:

297 2843 360 2876 eoru.
369 2831 420 2876 cad.
432 2843 483 2876 erre.
491 2830 621 2892 iterumque
631 2845 685 2894 rasa
695 2845 824 2891 resurgere,
834 2835 858 2879 et
870 2829 974 2890 §euntes
983 2830 1051 2877 burso
1058 2830 1145 2886 attotti,
1156 2828 1308 2889 bigarumque
1317 2829 1391 2876 etiarrs

300 2891 378 2940 wast
388 2893 462 2940 citato
472 2892 546 2941 oetob
556 2893 656 2956 aurigis,
665 2893 790 2942 niumm!
807 2893 896 2942 Datee.
920 2893 1034 2942 Gronov.
1045 2899 1072 2940 et
1082 2893 1114 2939 at.
1124 2900 1187 2940 vett.
1200 2897 1224 2939 et
1235 2891 1287 2939 ideo
1296 2892 1392 2940 desum

299 2957 395 3016 stratos,
405 2957 509 3014 ta-u
521 2955 563 3004 Ita
575 2956 650 3005 codd.
663 2955 799 3012 Hardnint‚
808 2958 869 3005 vet.
877 2957 971 3005 Datec.
982 2961 1010 3004 et
1022 2953 1105 3004 cutm.
1116 2954 1176 3002 item
1189 2955 1248 3002 edd.
1263 2955 1391 3004 Hardain.

301 3020 324 3064 l.
335 3021 391 3068 Μ.
403 3017 497 3068 Mitter.
510 3019 540 3067 Bt
561 3027 615 3078 ont,
626 3027 653 3069 et
666 3020 756 3070 Fraus.
774 3034 845 3070 cursu
855 3019 928 3068 citata
939 3020 1053 3068 Gronov.
1070 3026 1097 3068 et
1111 3019 1143 3066 at.
1155 3025 1214 3067 ante
1227 3017 1391 3066 Haeduis.-

300 3083 330 3129 lb
356 3083 363 3108 ‘
382 3082 445 3145 Lag.
466 3097 523 3146 equo
538 3089 612 3145 pusio
631 3099 717 3133 corsua
736 3085 925 3149 quadrupedante
943 3084 1035 3132 intorta
1051 3081 1156 3138 senice?
1174 3085 1214 3146 qo.
1235 3082 1391 3133 balea-ra

793 3242 899 3295 NOTAE

333 3335 487 3400 tomorum]
526 3338 630 3392 Priannr
668 3339 827 3400 intestinam,
898 3337 1197 3400 tt‘r'diruusexturperis]
1215 3335 1392 3400 vidissimus.

301 3411 412 3462 maxime
425 3413 555 3477 bubulum,
567 3413 640 3464 cibus
658 3415 782 3478 plebeius,
797 3421 826 3464 et
865 3414 929 3478 quit,
937 3413 1024 3477 jussos
1036 3413 1159 3462 dimicare
1172 3421 1269 3467 tauros,
1280 3413 1390 3474 impera·

302 3488 368 3536 uitis.
386 3488 478 3551 Gallis,
502 3492 542 3538 dea
564 3490 649 3553 tripes.
689 3489 782 3538 Horat.
805 3503 824 3540 r.
866 3497 894 3539 ta
910 3489 1020 3538 sociarat
1039 3497 1115 3552 atque
1127 3487 1223 3536 idcirco
1236 3489 1390 3552 quodjorsia

304 3559 387 3622 Epist.
413 3567 453 3611 lb.
487 3567 529 3613 bd.
561 3565 685 3614 ‘Petinus
707 3561 825 3613 canabat
864 3577 960 3612 marera
980 3571 1109 3626 gererent,
1123 3561 1149 3609 in
1164 3561 1335 3610 venationum
1353 3563 1392 3611 tu·

302 3634 383 3682 mimi
403 3635 476 3691 Vitia»
494 3645 520 3686 et
539 3639 636 3702 agnini,
658 3638 739 3688 tribas
760 3639 825 3688 ursis
865 3637 905 3688 dia
923 3639 1046 3699 etCircc,
1059 3637 1199 3699 spectacnti
1220 3637 1276 3685 uice
1295 3639 1391 3701 populo

303 3708 371 3773 quod
383 3711 443 3758 satis
454 3711 541 3761 esset!
586 3707 590 3714 ’
866 3714 939 3762 Ronr.
956 3721 1119 3776 monstratos,
1130 3721 1157 3762 et
1168 3713 1307 3764 exhibitos.
1323 3714 1393 3766 vida

337 3785 447 3833 'Tauris
475 3786 501 3832 ia
522 3789 627 3851 aspectu]
651 3789 763 3851 Egregia
781 3788 825 3838 de·
866 3789 1256 3838 NotaretEnrend.num.ltt.

305 3859 427 3908 scribitur
447 3861 543 3923 optima
556 3869 685 3912 taurorum
707 3861 789 3912 torma
809 3879 825 3913 a
897 3865 1115 3927 ”Conuiuium
1134 3865 1221 3912 Carnu
1234 3871 1394 3930 taurumap-

306 3933 419 3996 Magone
441 3936 656 3999 Carthaginiensi,
685 3937 753 4001 apud
776 3938 825 3988 Ca·
865 3941 1036 4003 prehendere,
1053 3947 1081 3988 et
1098 3941 1198 3988 ceruice
1211 3939 1250 3988 sie
1269 3947 1337 3988 torta
1349 3953 1394 3990 ne-

303 4007 410 4058 tum-ur.
423 4013 446 4058 1.
458 4015 583 4074 pagttttt.
866 4029 932 4064 care.
964 4015 1071 4064 Sueten.
1089 4013 1115 4062 in
1134 4013 1253 4072 Ctaudio.
1277 4027 1337 4078 caps
1353 4019 1396 4066 21.

338 4089 347 4114 ⁸
364 4083 420 4132 Stat
431 4085 480 4148 ira]
492 4085 559 4136 Vide
574 4087 656 4137 Notas
675 4094 701 4138 et
719 4088 826 4139 Eruend.
867 4103 924 4152 pag.
935 4093 976 4138 tt.
992 4089 1314 4152 ‘Tiressatorequireqqui
1324 4087 1397 4141 feros

304 4161 437 4208 nunaltb.
866 4171 953 4214 tauros
972 4179 1019 4228 per
1034 4165 1119 4230 spatia
1134 4163 1202 4214 Circi
1225 4173 1317 4230 agunt,
1334 4167 1397 4218 iusi·
