3070 4872
475 399 565 448 nur.
587 399 686 450 nrs‘r.
710 399 783 448 ura.
808 399 888 450 vnr.
910 385 965 450 ot.
1177 383 1263 450 1588

180 545 253 610 sire
278 545 322 608 ab
347 542 467 625 insigni
490 544 611 608 taurini
629 544 763 626 capitis,
779 561 870 607 armo
883 544 1046 628 impressi.
1088 542 1263 611 Tredecim

180 646 313 710 talentis
323 652 333 682 ¹
345 643 359 681 a
373 643 482 709 lerunt
496 662 540 708 ex
555 643 722 708 Philonici
737 643 901 708 Pharsalii
915 663 1011 728 grege
1020 651 1153 723 emtum,
1163 646 1264 712 etiam

180 755 250 811 turn
266 758 391 830 puero·
407 752 507 829 capto
521 745 592 830 ejus
607 745 735 810 decore.
759 744 934 810 Neminem
947 747 1022 810 hic‘
1037 745 1149 823 ulium,
1161 765 1263 830 quam

181 847 418 924 Alexandrum,
431 847 523 930 regio
537 847 699 911 instratus
714 854 843 922 ornatu,
856 849 983 930 recepit
992 847 1029 910 iu
1042 847 1166 923 sedem,
1176 847 1263 913 alios

179 949 306 1033 passim
319 945 535 1030 recipiensff‘¹
578 947 670 1012 Idem
685 947 865 1030 in‘praeliis
885 953 1073 1012 memoratae
1091 947 1264 1030 cujusdam

179 1049 369 1132 perhibetur
392 1066 514 1130 operte,
535 1047 723 1112 Thebarum
744 1049 994 1130 oppugnatione
1018 1046 1209 1112 vulneratus
1233 1051 1265 1113 iu

180 1151 281 1214 alium
309 1149 445 1213 transm
473 1146 700 1222 Alexandrum
725 1167 790 1212 non
815 1167 957 1231 passus:
980 1149 1265 1231 multa'praeterea

180 1250 329 1334 ejusdem
342 1248 444 1326 modi,
460 1257 594 1332 propter
608 1267 682 1331 quae
697 1267 757 1312 rex
769 1246 924 1313 defuncto
934 1249 965 1312 ei
976 1248 1073 1312 duxit
1085 1250 1265 1332 exequias:

179 1351 379 1434 urbemque·
401 1351 528 1414 tumulo
551 1349 766 1414 circumdedit
780 1351 912 1414 nomine
927 1350 1015 1434 ejus.
1057 1347 1134 1414 Nec
1148 1347 1265 1414 Caesa-

179 1448 246 1516 ris‘
258 1451 434 1516 dictatoris
449 1469 638 1534 quenquam
659 1449 761 1514 alium
780 1451 952 1532 recepisse
967 1450 1066 1514 dorso
1080 1469 1187 1533 equus
1199 1455 1265 1516 tra·

180 1553 287 1618 ditur:
309 1551 466 1635 idemque
479 1553 651 1615 humauis³
667 1551 818 1614 similes·
838 1550 942 1633 pedes
957 1551 1082 1634 priores
1095 1550 1265 1631 habuisse,

179 1654 242 1718 hac
257 1651 364 1735 effigie
378 1653 509 1718 locatus
523 1657 600 1716 aute
615 1649 756 1715 Veneris
771 1649 950 1716 Genitricis
965 1651 1082 1716 rudem.
1126 1650 1223 1715 Fecit
1232 1657 1266 1716 et

180 1753 280 1818 dirus
294 1751 471 1835 Augustus
485 1771 573 1834 equo
588 1750 764 1829 tumulum,
785 1751 826 1816 de
841 1759 933 1836 quo⁴
954 1749 1167 1818 Germanicih
1190 1751 1265 1818 Gae-

212 1955 224 1978 ‘
240 1947 376 1998 Alexundro
386 1953 437 1998 tart
445 1961 524 2012 pem.

212 2205 278 2256 Cnr.
288 2219 362 2256 cxiv.
379 2211 392 2255 l
411 2206 453 2256 lta
464 2205 591 2258 Harduiu.
607 2212 630 2258 l.
642 2213 666 2258 0.
675 2213 699 2259 0.
711 2209 807 2260 Miller.
817 2209 921 2272 Bipcut.
930 2216 957 2260 et
965 2210 1057 2260 Fraus.
1068 2210 1106 2260 uti
1116 2216 1144 2260 et
1154 2206 1267 2258 sudem

165 2285 194 2318 'e
205 2269 299 2324 Gellio,
310 2285 336 2320 v.
348 2275 373 2320 0.
384 2279 411 2320 et
421 2271 553 2322 Plutarch.
563 2273 589 2321 iu
607 2271 684 2322 Alex.
709 2273 816 2322 Sedecim
830 2275 925 2323 talentis
945 2273 1004 2323 edd.
1021 2281 1086 2322 vett.
1106 2281 1134 2322 et
1152 2273 1267 2324 Gronov.

181 2335 209 2384 X
213 2333 257 2384 Vl.
269 2335 366 2384 trientis
377 2335 462 2398 Regg.
473 2335 559 2384 Brott.
575 2343 603 2385 et
621 2335 710 2385 Editio
722 2337 852 2400 princepe.
879 2338 952 2398 hier,
969 2353 1000 2386 ec
1010 2337 1134 2386 Pbiiunieo
1147 2337 1268 2386 Parm-

179 2397 256 2446 iltc
267 2397 341 2448 codd.
353 2397 491 2458 Bardaici,
509 2399 582 2455 Latet,
601 2406 628 2448 et
646 2401 731 2448 Tolet.
746 2415 805 2450 cunr
824 2399 884 2451 edd.
902 2401 1026 2450 lierduic.
1046 2405 1068 2448 l.
1086 2404 1112 2448 0.
1127 2404 1151 2448 0.
1171 2399 1267 2448 Miller.

179 2461 287 2522 Bipout.
303 2470 331 2510 et
348 2463 439 2510 Frnua.
450 2463 510 2512 oliuu
519 2464 606 2525 medin
616 2463 727 2525 rejiciere
746 2463 807 2514 edd.
825 2471 884 2514 ente
895 2465 1021 2514 llerduiu.
1041 2464 1178 2512 Salmasius
1196 2463 1270 2523 legit,

178 2526 240 2573 atim
248 2527 337 2587 mira
347 2526 469 2588 recipiens,
480 2526 507 2574 id
518 2533 568 2585 ert,
576 2541 634 2575 curn
643 2527 714 2584 regio
728 2541 780 2578 nou
789 2537 859 2578 erret
867 2531 1024 2578 instauratus
1036 2531 1186 2578 crustu-t
1203 2525 1268 2574 Cod.

179 2587 269 2638 Italec.
279 2589 387 2638 balaio.
420 2589 588 2654 blommargc
598 2589 659 2640 edd.
671 2591 760 2643 Deire.
779 2599 807 2642 et
818 2592 933 2644 Gronov.
949 2593 1046 2643 Venerit
1056 2593 1187 2642 edem-u
1203 2589 1268 2639 cod.

572 2712 577 2717 ’
660 2751 768 2804 norm

211 2827 478 2911 tremulum]
500 2847 597 2899 ariter·
616 2848 705 2898 neen-
746 2853 836 2900 vaae

179 2927 232 2982 eet,
250 2935 358 2986 quorum
380 2921 480 2986 ringula
505 2937 550 2972 rex
572 2923 705 2972 denarium
777 2921 854 2974 'Nec
867 2925 982 2990 Carcoe]
997 2924 1216 2975 Solinusloc.cit.

180 2996 259 3045 millia
280 2997 504 3060 complectentem
531 2997 645 3047 Gallicae
675 2996 706 3046 li·
777 3000 1041 3065 illuminantia]
1076 2999 1214 3049 Suetonius
1243 2999 1269 3048 ln

179 3071 240 3120 brar
250 3075 324 3120 2⁴⁰⁰.
356 3072 450 3136 Itaque
469 3073 568 3123 talentu
580 3073 704 3122 tredecim
744 3071 814 3125 iulio
822 3088 880 3137 cap.
889 3077 931 3124 01.
948 3073 1095 3124 ‘Utehatur
1107 3081 1191 3122 sutem
1202 3087 1270 3137 equo

180 3147 704 3200 Gallicanonetaelinrarefficiunturaco.
744 3147 848 3210 insigni,
866 3147 975 3211 pedibus
994 3161 1076 3212 prope
1097 3148 1224 3211 humanit,
1242 3155 1271 3198 et

179 3221 247 3271 Vide
261 3223 378 3272 Notaset
390 3221 498 3273 Emeud.
509 3237 578 3274 nuru.
591 3226 647 3273 tat.
745 3222 772 3272 in
792 3221 894 3271 modum
909 3221 1046 3286 digitorum
1066 3222 1168 3286 ungulis
1188 3221 1268 3270 darie:

211 3303 222 3330 θ
239 3297 364 3346 Neminem
382 3297 432 3361 liic]
456 3296 588 3348 Plutarch.
609 3297 642 3348 de
659 3298 704 3348 Sc·
746 3313 821 3362 quern
832 3298 998 3362 catnruspud
1010 3312 1047 3361 re,
1065 3312 1122 3347 cum
1138 3297 1269 3358 aruspices

179 3369 240 3419 lert.
258 3369 342 3418 Anim-
362 3385 421 3433 pag.
437 3375 494 3420 010.
524 3371 626 3421 Solinus
646 3387 705 3436 cap.
745 3373 879 3436 imperium
891 3373 961 3422 orbis
976 3381 1052 3422 terrra
1070 3370 1214 3435 siguificare
1226 3371 1271 3419 dc·

177 3450 218 3496 ⁴⁵.
231 3459 289 3510 pag.
301 3449 342 3495 rt.
354 3446 388 3495 de
399 3461 448 3496 eor
466 3447 550 3496 ‘Cum
561 3447 705 3512 thequsrlo
746 3449 815 3498 ruine
841 3448 1060 3512 pronuntiassent,
1084 3459 1174 3508 migne
1209 3459 1272 3494 curs

178 3535 224 3570 uno
234 3520 379 3570 aliaretlum
387 3521 499 3569 molliter
507 3519 651 3584 sederetur,
662 3537 704 3571 re·
746 3523 825 3573 elnitr
853 3537 901 3572 uec
922 3521 1061 3586 patientem
1081 3519 1187 3570 terroris
1207 3519 1273 3568 alte·

177 3603 257 3660 cepto
272 3597 343 3661 regio
353 3602 437 3644 stratu
457 3596 583 3646 nemiuem
595 3611 705 3663 uuquam
746 3599 808 3661 rins,
830 3597 926 3662 primur
944 3595 1076 3646 escendit:
1102 3595 1173 3658 cnjus
1192 3595 1272 3643 etiarn

178 3669 526 3737 alium,prarterdomluum,
544 3672 704 3737 reheredig·
745 3674 827 3723 instar
848 3686 895 3735 pro
918 3671 974 3720 ede
996 3669 1103 3718 Veneris
1131 3667 1271 3719 Genitricir

178 3755 253 3798 natira
264 3747 322 3797 est.'
746 3756 836 3812 postes
853 3745 1000 3796 dedicarit.¹
1030 3745 1216 3807 lnucriptiuuer
1228 3759 1271 3794 re·

210 3823 222 3857 ‘¹
238 3822 469 3886 Pureinrecipim]
487 3821 544 3872 lloc
555 3827 605 3887 ert,
616 3824 704 3888 enigr-
745 3822 1096 3884 tereuetnuurmivsnrar.
1106 3821 1271 3871 Grnurnrcr.

178 3901 241 3949 riter
270 3899 394 3948 inrtrrtur
423 3897 565 3964 quemlibet
590 3900 703 3965 equitem
776 3895 957 3960 idumaei]
982 3897 1032 3948 Qui
1055 3895 1180 3959 Caligula
1203 3895 1271 3958 Imp.

179 3974 383 4039 perpetiebatur.
411 3973 448 4023 At
460 3974 530 4037 regio
542 3975 652 4024 vertitur
663 3987 703 4023 or·
744 3980 852 4039 patene
866 3971 970 4022 'l'iherio
982 3979 1075 4035 patruo
1091 3970 1270 4034 adoptatur.-

179 4059 339 4105 caturcum
351 4047 537 4100 Alexandrum.
571 4050 638 4100 Vide
650 4049 703 4101 Nc·
744 4049 814 4102 ‘Qui
832 4049 888 4099 coil
907 4048 1018 4098 casaris
1038 4045 1105 4111 Aug.
1123 4045 1271 4096 Germanici

179 4134 221 4176 tut
232 4133 260 4175 et
270 4125 377 4175 Emend.
389 4141 458 4176 num.
471 4129 527 4176 lut.
743 4125 811 4190 lmp.
825 4123 916 4190 paten'
928 4123 975 4174 lid.
989 4137 1035 4172 rec.

211 4199 382 4265 ‘Urbempud
408 4202 448 4252 De
471 4218 522 4269 qne
542 4201 640 4252 dictum
663 4207 702 4252 ert
