3148 4880
503 357 713 406 namursi.
738 358 810 404 nin.
835 359 917 408 vni.
940 342 992 408 21.
1211 345 1297 412 1519

205 515 267 584 est,
282 527 304 571 a
324 503 483 569 moriente
504 503 638 566 humum
661 501 816 580 morderi,
838 503 1106 587 lacrymamquep
1128 505 1196 570 leto
1212 505 1295 570 dari.

206 603 317 691 Atque
339 606 404 670 hoo
425 607 502 684 tale,
518 611 585 669 tam
599 623 728 669 saevum
742 611 767 642 ¹²
791 605 926 680 animal,
941 613 1086 670 rotarum
1099 609 1218 672 orbesq
1233 608 1306 672 eir-⁸

206 708 362 784 comanti,
385 725 562 789 currusque
591 709 720 782 inanes,
741 715 775 770 ei
799 707 1061 788 gallinaceorum
1076 710 1201 786 oristeo,
1218 729 1296 775 can·

206 815 326 891 tueque
347 809 447 872 etiam
461 807 569 888 magis
588 813 722 882 terrent,
737 806 796 869 sed
810 808 953 871 maxime
967 808 1071 888 ignes.
1115 809 1297 890 AEgritudi-

206 930 281 974 nem
292 904 416 974 fastidii
427 915 553 972 tantum
565 909 676 984 sentit,
693 907 728 970 io
745 927 814 990 qua
827 909 974 972 medetur
988 910 1019 972 ei
1034 910 1245 987 contumelia,
1260 911 1296 974 in

204 1011 329 1074 rabiem
358 1018 475 1092 agente
503 1027 706 1074 annexarum
734 1009 877 1074 lascivia
905 1010 1086 1076 simiorum.
1131 1010 1296 1076 Gustatus

205 1110 324 1177 deinde
338 1111 495 1192 sanguisl
510 1112 543 1174 in
557 1111 701 1174 remedio
717 1117 780 1174 est.

249 1227 320 1276 xx.
353 1212 501 1276 leonum
526 1212 645 1275 simul⁸
670 1212 815 1294 plurium
840 1230 985 1293 pugnam
1001 1211 1123 1276 Rornae
1137 1214 1295 1297 princeps

205 1312 298 1376 dedit
313 1311 357 1390 Q.
373 1313 530 1376 Scaevola
555 1313 595 1376 Ρ.
609 1312 702 1376 iilius
725 1314 759 1376 in
782 1313 912 1376 curuli¹
935 1313 1107 1378 aedilitate.
1152 1312 1296 1379 Centum

206 1413 336 1478 antem‘
356 1413 549 1496 jubatornm
571 1415 695 1496 primus
720 1415 866 1479 omnium
889 1414 929 1478 L.
955 1414 1060 1497 Sylla,
1090 1415 1149 1498 qui
1177 1422 1296 1498 posteo

206 1514 349 1578 dictator
371 1513 447 1592 fuit,
470 1515 505 1577 in
527 1521 682 1596 praetura.
727 1514 816 1578 Post
842 1533 918 1577 eum
944 1513 1130 1597 Pompeius
1150 1515 1295 1598 Magnus

205 1616 239 1678 in
264 1613 362 1679 Circo
380 1631 439 1678 no.
467 1615 501 1678 in
526 1615 569 1678 iis
586 1623 598 1650 ²
616 1615 812 1698 jubatorum
827 1631 962 1679 cccxv.
1006 1614 1123 1680 Caesar
1149 1617 1293 1682 dictator

207 1731 308 1780 onoc.

250 1832 337 1881 xxi.
358 1817 486 1901 Capere
511 1837 580 1894 eos,
606 1816 700 1881 ardui
720 1825 791 1882 erat
806 1816 969 1900 quondam
985 1819 1106 1900 operis,
1121 1817 1293 1903 foveisque

205 1918 373 1982 maxime·
407 1918 604 2002 Principatu
619 1917 752 1984 Claudii
782 1937 883 1984 casus
904 1918 1064 1982 rationem
1088 1918 1212 1997 docuit,
1233 1941 1296 2003 pu-

661 2113 843 2136 ”noeoeane

206 2239 321 2292 Gronov.
332 2251 359 2294 et
369 2245 402 2293 sl.
412 2251 472 2294 note
484 2241 674 2293 Batonius-ll
692 2243 775 2293 Codd.
786 2244 879 2293 Doleo.
891 2249 1003 2306 inaquosi
1013 2257 1108 2292 musi.

205 2307 369 2420 wangas.
387 2312 400 2356 1
418 2309 481 2358 eoo.
497 2309 590 2358 Dniec.
605 2309 671 2356 dedit
685 2308 791 2357 Scoesolo
807 2309 968 2372 profecturis
979 2308 1110 2356 cunii-a
1128 2306 1193 2356 eod.
1204 2305 1294 2358 Deles.

696 2483 801 2533 Nom

238 2613 461 2678 ”lacrymum
479 2613 539 2662 Fuit
560 2612 653 2661 Isidori
673 2627 731 2662 sen·
770 2611 829 2660 dem
848 2610 1086 2671 simisrnm‚eredo.
1120 2609 1198 2660 Certe
1212 2609 1295 2660 simin·

207 2689 290 2740 tentis
301 2689 379 2740 soiius
394 2689 453 2754 eqiri
466 2689 535 2737 inter
545 2688 664 2738 animalis
675 2701 732 2736 esse
771 2699 826 2734 rum
839 2701 884 2735 eso
896 2687 928 2735 sb
943 2685 1096 2750 ngriiodine
1106 2681 1204 2732 turriti
1218 2685 1295 2732 senii-

206 2762 731 2828 idpeculiareminerynrrrneuleret.iit
771 2776 822 2825 que
848 2762 932 2810 sanari
960 2763 1070 2821 leonem,
1092 2759 1197 2809 Maouel
1220 2759 1296 2808 Phila

206 2837 373 2889 Clrudisnnm
400 2838 523 2888 cecinisse
550 2839 587 2888 sio
610 2837 729 2886 memini:
773 2836 896 2899 prodidit,
909 2852 935 2899 p.
947 2840 1003 2885 las.

205 2919 214 2948 ⁴
226 2917 356 2982 homnis
379 2919 445 2967 torri
463 2915 584 2967 maduere
612 2915 698 2965 leones
709 2915 735 2964 ι’.
808 2913 929 2962 'bonum
936 2911 1018 2974 omui]
1030 2912 1131 2961 Solinus
1141 2910 1230 2960 iisdem
1240 2924 1295 2959 rer-

208 2993 404 3056 Looretiumque
423 2991 547 3041 similiter.
581 2991 615 3040 Et
631 2991 733 3039 sMsn·
772 2985 881 3036 bisloco
900 2987 947 3035 cit.
980 2987 1013 3036 Q.
1025 2986 1126 3034 Mucius
1136 2985 1252 3035 Sournis
1264 2987 1296 3033 P.

207 3067 307 3117 ritsois
317 3068 393 3116 asinis
402 3064 498 3116 effundi
510 3067 635 3130 lsoryinm
647 3064 732 3127 prodi·
773 3061 801 3109 F.
814 3061 834 3108 is
845 3068 887 3110 est
898 3062 941 3124 qui
958 3061 1122 3110 Consulatum
1139 3069 1229 3124 postes
1240 3075 1296 3123 ges-

208 3145 246 3192 tiit
257 3144 381 3193 AElianus.
773 3137 807 3185 sit
817 3151 883 3184 sono
894 3136 974 3184 Urbis
986 3147 1076 3184 ncmx.

240 3225 252 3258 1
269 3217 385 3267 ltotsrsm
395 3215 471 3279 ortes]
488 3215 536 3264 His
546 3215 644 3278 pariter
656 3214 732 3264 rebor
803 3213 811 3243 ²
824 3213 925 3260 Centuss
935 3211 1025 3274 muri]
1040 3209 1098 3259 Hoc
1107 3210 1210 3259 leonum
1222 3225 1296 3274 spec·

209 3292 303 3342 terreri
324 3292 411 3340 leones
431 3290 548 3340 scribunt
570 3289 732 3345 Aristoteles.
774 3290 887 3338 incolum
910 3304 925 3337 ι
946 3288 1016 3351 Syllo
1034 3289 1131 3337 editum
1150 3289 1297 3338 describens

210 3367 294 3424 Phile,
306 3381 365 3430 pag.
376 3369 416 3415 8⁰.
433 3365 642 3424 Solinns‚Seneo.
656 3365 732 3414 AElis·
772 3365 872 3414 Seneca
892 3364 925 3412 de
943 3365 1075 3414 Brevitate
1086 3364 1163 3425 Vite,
1180 3378 1238 3427 esp.
1256 3369 1296 3412 11.

209 3458 256 3494 nos
271 3443 435 3494 Histriam.
448 3446 538 3492 vnit.
550 3442 651 3506 sliiqne.
679 3443 733 3492 Cor
774 3455 832 3503 pig.
848 3444 906 3492 114.
925 3441 961 3489 sit
981 3449 1034 3490 tum
1053 3440 1162 3502 primunr
1181 3440 1254 3488 diros
1270 3439 1296 3488 in

210 3521 366 3586 gallinaceos
393 3519 535 3582 prasertim
555 3517 733 3578 reformident,
774 3515 850 3564 Circo
870 3517 956 3564 leones
978 3515 1085 3572 solutos,
1106 3527 1162 3562 cnm
1186 3513 1297 3577 alioquin

210 3609 299 3647 csosss
313 3593 447 3644 Lueretius
465 3593 611 3656 investigat,
626 3605 663 3641 rr.
675 3597 732 3641 111.
773 3589 870 3652 siligsii
886 3589 1084 3638 exhiberentur:
1102 3587 1175 3636 simul
1189 3589 1298 3639 mississ

211 3673 243 3723 lt
263 3686 323 3721 vero
342 3669 484 3719 fabulosum
501 3681 558 3716 esse
577 3667 733 3716 recentiores
774 3679 834 3726 rego
853 3665 955 3713 Boccho
969 3663 1165 3726 jaculatoribus.
1180 3665 1223 3728 qui
1243 3666 1297 3715 ieo-

210 3749 298 3796 siunt:
316 3759 346 3795 so
363 3758 414 3793 noo
430 3741 504 3791 modo
515 3756 564 3791 oon
576 3755 633 3791 esse
645 3741 733 3805 perosi
773 3749 818 3787 nes
834 3740 936 3802 sagittis
953 3737 1118 3788 conticerent.
1152 3739 1296 3788 Pratorsm

210 3823 326 3873 leonibus
345 3820 508 3884 gallinaceos,
520 3825 548 3868 ut
559 3817 613 3874 iios,
625 3831 682 3866 onor
694 3816 732 3865 is·
773 3815 838 3864 isne
849 3815 920 3878 Syllo
931 3815 1011 3877 gessit
1022 3829 1087 3864 anno
1098 3814 1175 3865 Urbis
1187 3827 1280 3864 ncnxr.

211 3899 294 3949 enims
314 3905 362 3957 est,
380 3897 467 3945 leones
486 3893 618 3954 inrsdsut,
632 3901 659 3942 et
675 3907 733 3942 curn
805 3895 817 3922 ⁸
838 3889 965 3952 Fooeisqse
984 3889 1098 3954 morirer]
1120 3889 1246 3953 virgultis
1258 3887 1296 3938 t'o·

211 3971 314 4036 gallinis
333 3970 430 4032 puriter
450 3975 558 4016 rorent:
576 3966 602 4015 id
622 3967 691 4032 quod
705 3983 733 4017 se
773 3977 827 4013 veis
851 3977 881 4014 ae
901 3964 951 4012 levi
972 3972 1043 4013 terra
1064 3963 1235 4027 tegebantur:
1253 3977 1297 4013 se·

212 4046 306 4096 vidisse
327 4045 435 4094 Vossius
457 4042 592 4094 confirmat
611 4042 644 4092 ile
666 4041 733 4091 idol.
775 4041 960 4092 numinensium
975 4039 1060 4090 fraudi
1070 4041 1217 4090 inventum:
1235 4040 1295 4090 dom

214 4125 311 4173 11163.
773 4119 842 4167 enim
861 4131 909 4181 pro
927 4116 1009 4166 solida
1023 4125 1091 4165 terrs
1110 4115 1198 4166 loreas
1215 4116 1297 4164 enies·

245 4197 387 4248 ‘Galatas
407 4198 490 4248 ioris
510 4195 618 4259 mro]
636 4195 733 4244 Eiron·
774 4194 836 4245 osni
852 4194 948 4250 leones,
972 4189 1127 4242 deridebant
1150 4191 1176 4240 in
1198 4203 1296 4240 esrum.
