3070 4872
292 365 380 434 1618
660 382 693 430 o.
716 379 837 430 rnrrrrr
861 377 1027 429 uuouuor

295 526 340 591 nd
355 524 468 610 Sejnni
482 521 639 590 exitum.¹¹
684 525 878 608 Mirumqne
890 524 954 588 init
969 541 1032 587 neo
1049 519 1234 586 defluxisse
1248 539 1322 598 ens,
1332 538 1391 585 neo

295 623 496 692 teredinnru¹
515 627 655 712 injurius
667 627 814 690 sensisse
832 626 930 690 nonis
946 633 1052 689 nrrx.⁹
1094 621 1255 688 Vidimus
1273 623 1348 706 jnrn
1362 627 1394 686 et

750 788 938 810 ΝΝΙΜΜΟΟ

297 904 343 954 tier
352 905 469 955 sestertio.
502 905 576 966 Mox,
586 903 662 956 codd.
675 905 768 955 Daiec.
782 913 811 956 et
827 903 913 956 cirilli.
927 919 1002 970 nuper
1011 904 1113 954 extirm
1121 919 1131 962 ,·
1148 902 1243 952 Deiec.
1258 917 1335 966 nuper
1344 917 1395 951 eorr-

295 969 437 1019 ultore-o
455 967 538 1020 Clriffl.
549 969 693 1033 quingentis.
725 969 871 1033 limitet.
891 969 982 1020 Delec.
1000 974 1025 1018 et
1043 968 1337 1018 nummorum-ro
1355 967 1395 1016 ita

300 1211 377 1261 aitnrn
389 1211 561 1271 simulacrum,
581 1211 831 1278 tngleanperporitia
871 1225 934 1262 rnre.
951 1225 1024 1262 orer.
1041 1223 1107 1261 nee·
1121 1221 1397 1260 unumunurn.

300 1289 412 1338 relatum
431 1289 523 1339 scribit
543 1282 621 1340 Orid.
631 1289 703 1339 Fart.
725 1303 763 1338 rr.
774 1285 831 1338 569.
871 1301 960 1338 oenrr.
972 1275 1036 1338 ut‘c.
1052 1287 1221 1351 ‘Imperator
1232 1285 1321 1334 cerar
1332 1285 1397 1334 Ner-

298 1363 307 1392 ‘
317 1363 371 1414 iana
379 1363 610 1430 undeuniiortnnu,
620 1371 664 1413 tua
672 1371 721 1425 ert,
728 1370 832 1413 auctor·
871 1377 903 1410 vn
912 1361 1040 1426 Trajunnr
1050 1359 1173 1424 opu-u
1183 1359 1326 1422 nognrur,
1333 1358 1398 1408 Ger·

301 1441 507 1504 que,locnaque=
519 1440 571 1490 Sed
583 1439 832 1504 ruperinjeetiequir
871 1440 996 1500 mauicna,
1014 1436 1147 1488 Dacicua.'
1184 1435 1272 1499 Caput
1291 1434 1398 1498 Trrjeni

300 1517 687 1581 latetudetogia?Serriurert,
694 1516 720 1566 id
730 1523 832 1566 coortat
871 1515 1024 1576 laurentum,
1043 1513 1069 1562 iu
1085 1513 1220 1564 Oriruteru
1238 1523 1398 1560 courerronr.

302 1590 387 1640 euiur:
405 1591 451 1640 red
470 1606 550 1660 crura
566 1591 664 1643 latendi
683 1591 832 1654 ilircrepat‚
871 1589 904 1639 iu
922 1597 996 1652 parte
1013 1603 1119 1638 averret
1136 1599 1285 1636 nannieno
1300 1599 1399 1635 unul·

302 1665 447 1716 etdnlriunr
460 1681 613 1732 meqnoque
631 1666 832 1722 mentirbeberl
872 1677 911 1715 ιο
927 1677 1054 1714 cantur.
1087 1665 1175 1727 ceput
1191 1663 1335 1711 laureatum
1347 1661 1400 1711 lia·

302 1745 353 1790 dc.
387 1741 423 1791 Et
439 1741 531 1792 dobiur
549 1742 717 1792 idcireourihi
733 1743 832 1793 animur
872 1740 965 1802 driaui‚
991 1753 1118 1790 converso
1146 1737 1246 1801 pariter
1274 1737 1348 1785 rultu
1375 1737 1400 1784 in
1500 1789 1501 1800 ἶ

303 1831 407 1882 quoque
425 1816 484 1880 init,
501 1833 561 1868 nurn
579 1819 604 1868 in
618 1819 711 1869 urendo
725 1817 832 1869 cubaret
872 1817 1017 1868 Orientem.
1050 1817 1133 1866 Curua
1154 1814 1196 1864 iric
1215 1827 1332 1863 nunrrnna
1353 1821 1401 1869 eat,

303 1893 345 1940 iric
363 1891 443 1941 Plinii
459 1894 548 1942 iocur:
566 1893 736 1958 legendumne
752 1891 832 1954 foret,
872 1892 1143 1958 antequem'l'rajmnr
1151 1891 1329 1954 appellaretur
1338 1888 1402 1938 Per·

305 1967 587 2030 Quiinujrrxtorigearr
598 1967 833 2018 Forluroeoleodi·
873 1969 967 2031 titicus,
987 1983 1046 2018 cunr
1062 1968 1117 2032 jam
1139 1974 1225 2016 tannen
1243 1965 1403 2015 scriberetur

304 2048 366 2091 cota
375 2043 833 2107 reopertuerot‚tse.-‘Caretarneu
873 2045 1024 2107 cognomine
1046 2041 1207 2107 ‘optimust
1245 2041 1315 2106 Ergo
1336 2055 1403 2090 anno

305 2116 835 2182 quicquamproptereainrnrutanduurpu·
872 2120 952 2184 ipriur
974 2120 1074 2169 decimo
1096 2119 1225 2182 reptim03
1243 2133 1294 2182 qno
1315 2127 1403 2167 taroen

307 2200 348 2242 ter
370 2193 397 2241 in
418 2194 466 2243 irae
485 2193 564 2242 Plinii
584 2192 725 2242 cententia.
758 2191 836 2240 liene
872 2195 931 2258 ipro
951 2209 1017 2244 enno
1030 2195 1086 2258 juna
1107 2201 1161 2242 tum
1181 2199 1209 2242 et
1227 2193 1357 2257 Trajauur
1377 2200 1404 2241 et

306 2271 374 2333 rigni
386 2271 506 2322 Fortuna
519 2269 708 2321 dedicationem
720 2269 836 2318 nSerrio
873 2271 962 2320 caeuar
972 2270 1023 2320 init
1035 2269 1194 2318 Hadrianou.
1213 2269 1285 2332 Ergo
1292 2269 1405 2319 Hadria·

306 2345 392 2396 Tullio
415 2359 475 2410 rege
497 2344 595 2396 factem
618 2345 707 2394 livine
729 2351 837 2409 preter·
872 2359 921 2394 nur
941 2346 974 2394 ab
992 2345 1093 2395 Hedria
1110 2343 1231 2408 conjuge,
1246 2345 1377 2408 Trajanna
1390 2359 1406 2392 a

306 2420 396 2470 nririt.'
415 2423 462 2470 Ed.
472 2437 518 2470 rer.
872 2421 986 2485 Trojano
1004 2429 1090 2484 patre,
1107 2420 1225 2483 patruele
1246 2417 1327 2468 fratre
1344 2420 1404 2468 Tta-

340 2495 353 2530 ¹²
365 2496 560 2560 Sejonienitrue]
573 2494 732 2547 eulutherii
744 2500 837 2544 oetaeo
869 2497 926 2560 joni
938 2497 1067 2560 Augusti:
1086 2496 1174 2546 cerer
1186 2508 1219 2543 ex
1232 2501 1325 2558 matre,
1338 2493 1406 2544 AElie

309 2571 409 2622 decimo
423 2573 582 2636 principatur
597 2585 666 2620 anno
680 2571 837 2634 contigitra
875 2572 980 2621 Plotina
990 2571 1084 2620 Nrrre
1095 2571 1206 2620 Cereris
1216 2569 1327 2633 Augurii
1337 2568 1406 2620 filia:
1500 2605 1501 2608 ,

308 2648 392 2697 Servii
403 2647 486 2709 obitu,
497 2647 600 2696 oruniuo
618 2646 777 2707 retegerirno
797 2659 838 2694 en·
875 2647 944 2696 unde
964 2647 991 2696 in
1010 2645 1120 2696 nummio
1138 2645 1238 2695 Latinio
1257 2653 1285 2694 et
1303 2645 1407 2694 (irrecia

309 2738 358 2787 pra
379 2723 660 2787 quingenteriruurn.·-‘
676 2721 760 2783 Sejoei
786 2721 838 2770 rni-
874 2723 987 2772 ‘Nerva
997 2720 1092 2784 nepor'
1102 2721 1241 2783 rupirainre
1252 2720 1409 2783 appellatur.

308 2799 371 2862 tem]
390 2799 448 2849 Quo
459 2796 643 2861 aono'Sejauoa
660 2797 775 2860 perierit,
788 2810 838 2846 uon
875 2797 969 2862 ltaque
982 2797 1051 2861 priur
1063 2797 1096 2845 ab
1109 2809 1187 2845 uxore
1200 2793 1301 2844 Hadrle
1312 2793 1409 2844 dicitnr

309 2874 373 2921 aatir
384 2873 476 2936 liquet.
502 2874 611 2923 Deoinro
623 2871 733 2935 septimo
741 2871 838 2922 Tiberii
875 2873 1034 2935 Hadrianou,
1043 2871 1075 2921 ob
1088 2871 1175 2921 dotem
1186 2870 1298 2933 enrpiurn
1310 2869 1336 2918 ei
1347 2870 1409 2919 elie·

310 2960 379 2995 anno
385 2946 411 2996 id
419 2947 533 2996 ereuirre
543 2947 620 3012 vulgo
628 2947 752 2997 creditur.
763 2947 838 2998 Quod
876 2957 930 3000 turn
940 2963 973 2997 ea
983 2961 1014 2996 eo
1025 2946 1160 3011 conjugio:
1173 2945 1269 2994 deinde
1278 2941 1410 3008 Trajauur

310 3021 333 3070 ri
350 3035 439 3071 rerum
464 3029 514 3085 ert,
531 3037 638 3072 neceree
657 3029 700 3072 eat
722 3022 839 3072 Serrium
876 3037 909 3072 ex
930 3030 1014 3087 patre,
1031 3023 1076 3085 qni
1095 3027 1165 3071 earet
1186 3020 1262 3068 laomo
1285 3020 1412 3082 privatur,

310 3097 424 3146 Tullium
433 3111 520 3161 regern
529 3111 579 3146 non
589 3105 650 3147 ante
659 3097 840 3148 A.ll.ccxxr.
876 3113 960 3165 neque
972 3101 1037 3150 adeo
1046 3099 1130 3160 diver,
1141 3111 1225 3161 neque
1236 3097 1335 3146 earu.
1359 3099 1412 3148 Ve·
1500 3111 1501 3132 ¹

311 3171 414 3221 obiitne.
446 3171 541 3236 Sejuuo
557 3185 649 3222 nornen
666 3172 723 3222 diiii
740 3171 840 3236 init,nt
876 3174 1224 3239 rumournporttriennlurn
1242 3171 1300 3223 iere
1316 3173 1411 3224 a‘1'ra·
1500 3191 1501 3216 i

309 3248 407 3296 nurnroi
429 3247 524 3297 docent
551 3248 640 3320 Bilbiii
662 3249 689 3298 in
712 3247 840 3312 ilirpuuie
873 3253 937 3316 jano
949 3250 1018 3314 Aug.
1029 3265 1077 3314 per
1088 3249 1253 3313 adoptionem
1273 3249 1412 3299 inrtitutua

310 3323 436 3387 percurri.
475 3323 563 3388 Sejunl
583 3339 726 3388 cognomen
748 3340 762 3373 a
780 3325 840 3376 Sele
877 3328 959 3377 heret
970 3333 1039 3376 erret
1050 3325 1160 3374 omniurn
1175 3324 1258 3388 ipaiua
1270 3323 1413 3386 bonorum

310 3399 450 3450 deductum
470 3409 522 3462 eat,
545 3401 585 3450 rei
603 3409 699 3463 matre,
717 3401 760 3450 rel
779 3416 840 3452 con·
878 3417 936 3453 curn
948 3403 1003 3466 jarn
1016 3401 1101 3465 potior
1116 3408 1185 3450 erret
1201 3401 1415 3464 iilalrrereditar,

307 3474 388 3538 juge:
407 3489 463 3538 qne
475 3475 509 3524 ob
519 3475 700 3526 hereditatem
718 3477 840 3540 opimum,
877 3492 929 3528 non
940 3479 1065 3541 deinceps
1082 3476 1251 3536 ‘Hedriannr
1265 3479 1415 3543 Trajanur,'

311 3564 387 3612 quoru
407 3565 453 3612 pro
472 3551 535 3600 dote
553 3549 667 3615 afferret,
685 3555 776 3603 marito
795 3568 841 3605 no·
877 3553 923 3603 aed
935 3552 1078 3617 ‘Trojanna
1089 3551 1254 3601 Hadrianur'
1265 3552 1416 3604 innuremir

310 3635 369 3672 rnen
382 3622 464 3688 dedit,
473 3626 594 3676 derident
607 3627 632 3676 in
642 3627 723 3691 imur,
734 3635 761 3678 ut
772 3629 840 3678 idenr
878 3629 930 3678 uuir
941 3627 1057 3678 omnibu·
1068 3635 1109 3677 ert
1119 3628 1333 3691 cognominetur:
1347 3631 1415 3680 lraud

251 3697 253 3702 ’
311 3698 365 3748 filio
377 3707 440 3748 natn
451 3701 549 3764 majore
561 3717 594 3752 ex
604 3719 636 3753 eo
647 3705 778 3769 conjugio.
803 3707 841 3754 Μ.
878 3705 956 3754 dubie
973 3719 1023 3753 non
1041 3704 1148 3768 indigne
1167 3707 1251 3755 lutura
1268 3707 1358 3770 priore
1371 3710 1418 3759 illa

311 3777 365 3827 Seii
382 3791 433 3826 non
450 3779 529 3827 aeruei
542 3779 641 3829 Pliniur
653 3781 780 3836 meminit,
790 3795 840 3830 neo
877 3781 986 3845 conjuge
996 3780 1107 3843 Hadria,
1117 3780 1138 3829 ri
1152 3782 1263 3843 vireret,
1275 3784 1417 3846 prelatum

306 3845 392 3902 'cernel
409 3853 435 3901 iu
451 3854 559 3902 nnnrruir
573 3855 633 3902 Scin
647 3854 767 3917 Auguria
778 3856 840 3919 irgi-
878 3871 924 3906 ruo
936 3855 1031 3906 nomini
1041 3869 1134 3904 nomeu
1147 3855 1270 3920 Augeati.
1305 3857 1360 3918 Sed
1374 3860 1418 3908 illa

311 3934 363 3977 tur.
396 3927 491 3978 Siruilir
506 3926 610 3989 originia
627 3935 668 3976 eet
683 3929 840 3992 ‘Trajenna’
878 3928 975 3980 dudum
987 3930 1096 3982 obierat.
1121 3930 1215 3980 Sabina
1224 3935 1419 3998 nupeeraejaru

312 4003 424 4066 e'l'rejo.
457 4002 543 4065 Hujus
555 4006 594 4050 ert
606 4001 682 4051 riurnl
695 4009 773 4068 atque
785 4003 840 4054 iin-
878 4003 1030 4055 Hadriano!
1048 4005 1151 4056 Edere

311 4075 396 4125 drlanl
417 4076 462 4140 qni
481 4077 572 4134 AEilnr,
590 4083 620 4124 ut
640 4076 759 4140 SeJronr,
781 4076 841 4141 init,
908 4075 916 4111 ¹
934 4079 1085 4142 t'eredim]
1103 4080 1236 4132 vermium
1254 4088 1347 4134 uerter
1359 4099 1420 4135 ero·

311 4163 429 4199 nummus
440 4150 577 4214 ringuierir
588 4165 620 4198 ex
637 4165 710 4214 anro,
725 4151 793 4216 apud
806 4155 839 4206 Ι).
879 4151 1004 4205 dentium.

312 4225 344 4274 de
361 4225 476 4282 Cleruer,
487 4225 604 4291 Perlriir,
621 4227 669 4278 irao
682 4228 838 4291 epigraphe:
