3148 4884
266 367 352 432 1440
611 383 666 429 c.
689 379 807 428 τττττττ
832 379 997 428 secuunr

267 525 356 601 serie,
370 545 446 607 quse
472 531 524 590 ost
548 524 646 590 hodie
662 525 696 588 in
719 523 862 600 Palatio,
879 523 969 588 dono
991 523 1175 606 principum
1196 522 1357 590 Mineruae

267 628 380 692 dicato
406 629 440 690 in
469 629 682 704 bibliotheca,
709 647 784 692 eum
811 627 1029 709 inscriptione
1045 625 1118 702 teli,
1140 631 1360 692 ΑΔΤΣΙΚΡΑ-

268 734 354 793 ΤΗΣ
364 727 403 776 ³‘¹
432 737 624 793 ΑΝΕΘΕΤΟ
652 737 708 792 ΤΗ
732 733 832 793 ΔΙΟΣ
848 735 962 791 ΚΟΡΗ
978 735 1066 791 ΤΗΝ
1077 735 1281 792 ΔΕΗΑΤΗΝ
1293 736 1358 792 Ara

266 837 421 894 ΔΕΞΙΟΝ
433 839 571 895 ΑΙΩΝΑ.

311 951 391 997 urx.
406 932 522 1019 (nrx.)
544 935 692 1018 Sequens
713 934 858 1015 gentium
881 951 1066 1010 consensus
1088 933 1123 997 in
1145 934 1360 998 tonsoribns‘

265 1037 341 1113 suit,
358 1036 419 1100 sed
435 1035 597 1100 Romanis
618 1035 753 1101 tardior.
798 1035 838 1099 In
866 1032 1020 1100 ltslinm‘
1039 1055 1083 1099 ex
1103 1033 1221 1098 Sicilia
1241 1055 1359 1100 venere

266 1145 342 1221 post
356 1137 499 1204 Romam
515 1137 684 1202 conditum
706 1155 793 1212 auno
815 1136 1139 1218 quadringentesimo
1155 1135 1360 1220 quinquege-

265 1241 351 1302 simo
368 1246 495 1322 quarto,
519 1239 702 1302 adducente
719 1237 761 1302 Ρ.
777 1237 951 1302 Ticini0¹⁸
977 1237 1092 1316 Meno,
1115 1245 1152 1303 ut
1175 1245 1360 1314 auctorest

264 1341 394 1412 Varro:
418 1349 519 1406 antee
539 1336 678 1404 intonsi¹¹
704 1339 808 1403 suere.
853 1338 986 1402 Primus
1000 1341 1144 1403 omniurn
1160 1338 1233 1404 radi
1249 1325 1360 1423 quoti·

266 1441 318 1504 die
332 1442 478 1506 instituit
491 1441 671 1506 Africanus
690 1459 850 1523 sequens:
864 1436 893 1476 ‘i
918 1439 1028 1506 Divus
1044 1439 1216 1522 Augustus
1229 1440 1358 1506 cultrisi

268 1561 399 1626 semper
414 1561 494 1606 usus
509 1549 573 1606 est.

264 1857 312 1904 -3
330 1856 337 1882 ‘
352 1855 390 1902 Ex
403 1855 585 1916 superstitibus
597 1855 713 1906 codicum
726 1856 820 1919 titeris,
837 1857 876 1904 ito
889 1855 1042 1905 restituenti.
1054 1853 1105 1904 rur
1117 1855 1251 1916 Deiphicre
1263 1856 1359 1906 incute

266 1919 410 1980 irueriprio.
436 1919 550 1968 Primam
563 1920 618 1982 ejus
630 1929 730 1983 perteru
743 1929 818 1970 route
831 1922 1021 1983 introspexerat
1036 1919 1151 1968 eruditus
1162 1920 1312 1970 Turnebus:
1331 1923 1357 1970 in

264 1983 315 2034 tine
328 1982 427 2032 infelix.
461 1984 527 2032 iiree
546 1993 632 2032 errtern
652 1986 688 2034 ite
704 1993 760 2034 est:
778 1985 943 2046 'Adwrnpdmr
959 1984 1055 2034 θνθθετρ
1065 1986 1096 2048 τῇ
1107 1983 1162 2032 Arde
1172 1983 1228 2048 κόρη
1238 1985 1284 2044 τὴν
1294 1985 1361 2034 rest·

263 2065 309 2105 την
319 2046 357 2096 διὰ
367 2047 439 2108 δεξιὸν
456 2046 534 2096 ninive.
563 2048 717 2111 Adysimies
733 2049 797 2098 veuit
815 2050 951 2114 Jooisstttoe
967 2048 1119 2114 (Minerva)
1133 2049 1247 2097 mimum
1257 2049 1285 2097 od
1293 2051 1360 2108 felix

263 2127 347 2160 coum.
366 2109 494 2161 Eruditus'
503 2111 652 2162 Hardniuns
664 2115 865 2173 compendiario,
878 2127 927 2162 uec
940 2115 971 2162 ed
985 2111 1093 2163 formem
1106 2127 1290 2176 numerumque
1302 2116 1360 2164 iite-

264 2191 348 2224 rnrnrn
360 2176 457 2227 edidit:
475 2175 639 2240 Ναυσικράτης
649 2174 778 2236 Τισαμίνον
793 2179 912 2236 Ἀθηναῖος
929 2176 1048 2235 ἀνέθηκεν.
1077 2177 1231 2230 Nuutt'erattt
1244 2179 1361 2230 ttnnmu

257 2239 328 2304 fliius
339 2239 490 2290 Atheniensis
499 2242 594 2303 posuit?
611 2243 724 2290 Brctier.
760 2242 824 2291 Eud.
837 2252 902 2291 vett.
914 2251 941 2290 et
954 2243 1069 2292 Gronov·
1086 2241 1250 2304 Ναυσικράτης
1260 2243 1360 2298 Tironi·

264 2321 305 2352 νου
315 2305 435 2362 Ἀθηναῖος
445 2304 502 2369 κόρᾳ
516 2305 555 2354 uni
566 2304 653 2372 Ἀθηνᾷ
664 2304 783 2364 ἀνέθηκεν.
808 2307 911 2356 Verba:
930 2305 987 2372 κόρᾳ
1005 2305 1043 2354 uui
1061 2307 1150 2369 Ἀθηνᾷ
1164 2305 1285 2372 ἀνέθηκεν,
1307 2322 1359 2356 uon

264 2370 387 2432 leguntur
399 2372 425 2419 irr
436 2371 496 2418 Vct.
508 2371 601 2420 Deice.

298 2435 364 2483 Cur.
376 2449 432 2484 ττι.
451 2440 463 2483 1
484 2435 570 2488 trano
582 2435 655 2484 Mercu
667 2431 752 2484 Ciriffi.
775 2435 848 2493 Mox,
859 2450 907 2500 pro
918 2442 998 2497 oneo,
1007 2435 1075 2498 qrrod
1087 2443 1193 2483 serrant
1202 2434 1278 2483 codd.
1291 2435 1360 2484 Ηττ-

264 2497 335 2550 duini
348 2509 375 2547 er
387 2497 469 2548 cnuti.
482 2514 540 2557 onor
550 2499 609 2548 edd.
622 2500 749 2549 Herduin.
763 2503 784 2549 l.
796 2505 820 2549 θ.
832 2504 857 2548 3.
869 2501 964 2550 Miller.
974 2502 1079 2563 Bipont.
1090 2507 1117 2548 et
1129 2500 1218 2548 Frons.
1230 2505 1285 2548 onte
1297 2501 1360 2560 tegi-

265 2563 343 2613 turin
355 2563 488 2615 eddvetr.
500 2573 527 2614 et
540 2564 702 2614 cronon-n
719 2563 786 2614 Edd.
802 2565 918 2628 quaedruu
935 2573 1001 2616 vett.
1019 2564 1199 2628 distinguunt:
1217 2563 1361 2622 Africum:

757 2756 865 2808 NOTAE

262 2869 409 2934 Ἀμφιτρύων
425 2870 449 2928 μ’
465 2867 584 2929 ἀνέθηκεν,
603 2869 647 2918 dds
657 2867 703 2916 θτθ
718 2876 791 2927 unte-
832 2885 864 2920 rr.
875 2875 900 2922 θ.
913 2875 953 2920 ιθ.
968 2871 1066 2920 ‘Nunc
1078 2883 1157 2919 senex
1167 2876 1208 2920 est
1218 2870 1243 2919 in
1255 2869 1361 2920 tonstri-

264 2942 350 2998 βοόων.
367 2943 524 3006 Amphitryon
540 2944 793 3005 pessumdentur
832 2959 882 2994 ne:
900 2959 969 2994 nnnc
984 2947 1038 3007 jem
1057 2946 1153 2994 cultros
1171 2946 1276 2995 attinet.
1308 2944 1360 2992 Sed

264 3021 387 3069 oriundus.
833 3029 929 3083 utrum,
946 3021 1091 3070 strictimne
1105 3027 1265 3071 attonsorum
1278 3022 1361 3071 dicum

297 3093 721 3158 θΛΔτΣιΚΡΑτΗΞ[Ναυστκρθτητ]
732 3095 792 3144 Hoc
833 3111 899 3156 esse,
917 3111 949 3145 sn
970 3111 1017 3160 per
1034 3097 1174 3160 pectinem,
1189 3099 1300 3148 Nescio:
1319 3111 1361 3145 ve·

264 3181 314 3236 eu,
325 3172 487 3232 Naucrates,
497 3171 615 3219 Tisameni
628 3172 656 3220 F.
665 3171 793 3220 Athenien·
835 3186 889 3222 rum
901 3172 922 3222 si
933 3171 1001 3236 frugi
1014 3179 1065 3234 est,
1082 3173 1247 3223 edmutiisbit
1262 3172 1362 3236 prone:

263 3248 306 3308 sir,
324 3247 450 3295 dedicarit.
477 3244 603 3314 ττσθμτνος
616 3249 670 3296 Rex
683 3255 723 3297 ert
733 3248 793 3311 My·
867 3245 917 3296 ‘In
926 3247 1037 3310 lintion]
1054 3248 1121 3299 Hac
1132 3249 1164 3298 ed
1175 3249 1280 3298 verbum
1292 3257 1361 3296 tren·

209 3333 213 3340 ·
264 3335 394 3376 ceunrunr,
406 3319 476 3384 opud
488 3323 582 3372 Euseb.
592 3321 616 3369 irr
627 3322 720 3371 Ctrroo.
732 3337 791 3384 pug-
832 3324 931 3387 seripts
940 3339 974 3373 ex
980 3325 1105 3376 Varronis
1116 3325 1182 3375 iiiuc
1193 3323 1315 3386 seeundo,
1326 3324 1360 3372 de

264 3404 304 3448 94.
317 3397 350 3446 ab
363 3399 413 3447 istc
425 3407 522 3458 temen,
533 3405 562 3446 nt
580 3405 652 3462 puto,
666 3397 792 3449 diversus.
833 3399 872 3450 Re
885 3400 959 3450 unu.
968 3414 1027 3464 cop.
1038 3405 1078 3449 lt.
1088 3401 1135 3450 rub
1147 3400 1231 3453 tinem.

264 3475 331 3526 Vide
346 3473 732 3523 NotaretErnend.nurn.i'15.
866 3483 879 3519 e
896 3475 1000 3539 ticinio]
1017 3475 1084 3526 Vide
1102 3477 1186 3526 Notus
1205 3485 1233 3526 et
1253 3476 1361 3528 Erueud.

296 3549 348 3597 ‘Iu
357 3548 500 3613 inmoritur]
511 3549 604 3598 Brrbae
613 3547 732 3596 rodeudae
740 3561 793 3596 rno-
834 3564 902 3600 num.
915 3553 970 3600 ltu.

264 3639 317 3674 rem
327 3627 458 3674 inuentum
466 3639 521 3674 esre
530 3623 667 3674 Alexandri
677 3623 715 3672 Μ.
725 3623 793 3686 prin·
866 3625 878 3658 ¹²
888 3626 968 3677 Aaron
977 3625 1079 3688 intorsi]
1097 3627 1179 3676 Varro
1191 3628 1240 3678 inc.
1248 3628 1293 3678 cit.
1305 3629 1313 3655 ⁴
1323 3628 1361 3676 0·

265 3701 363 3762 cipetu,
383 3700 542 3764 Chrysippus
562 3708 652 3750 auctor
670 3707 711 3750 est
727 3701 793 3752 libro
833 3701 876 3752 iim
889 3709 1007 3750 tonsores
1017 3716 1068 3752 non
1086 3700 1165 3752 t'uisee
1185 3702 1362 3766 ”significent

266 3775 299 3823 de
314 3775 451 3824 honestate
470 3783 497 3823 et
516 3777 659 3838 voluptate,
676 3775 745 3838 apud
757 3775 793 3824 Α·
833 3777 994 3841 antiquorum
1017 3785 1119 3840 stature,
1141 3779 1207 3843 quud
1230 3781 1361 3844 pteraeque

265 3850 336 3898 uren.
348 3850 392 3900 tib.
404 3861 466 3898 xur.
480 3865 503 3911 p.
512 3855 568 3899 565.
578 3865 634 3899 eum
643 3865 699 3899 evo
710 3851 794 3911 priore
833 3851 931 3901 habent
942 3854 1063 3915 capitium
1072 3861 1100 3902 et
1111 3853 1215 3906 bnrbrm
1228 3856 1363 3920 turgum-¹

265 3925 408 3986 inauditum
426 3925 451 3974 id
472 3923 548 3975 foret.
581 3925 793 3974 Reriotoudeudi
866 3923 1137 3994 ¹Asricoururequeur]
1162 3929 1252 3992 Scipio
1264 3931 1362 3980 AEnriii·

267 4001 385 4062 geminat
404 4001 444 4049 vet
456 4001 577 4054 strictim,
589 4001 636 4048 troc
647 4000 738 4060 ert,sd
750 4014 793 4048 cu·
834 4015 907 4062 suus,
931 4003 973 4052 eui
990 4011 1018 4052 et
1035 4001 1171 4054 Africanus
1191 4005 1286 4062 Minor.
1306 4007 1362 4058 sire

267 4087 425 4142 remusque:
446 4077 486 4124 vei
507 4077 583 4139 paulo
595 4077 696 4138 tongins
707 4090 722 4124 s
733 4087 794 4126 cute
834 4078 971 4142 posterior,
989 4079 1033 4144 qui
1051 4081 1233 4146 Carthaginem
1252 4081 1361 4134 deterit·

265 4155 421 4220 interposito
432 4153 542 4216 pectine.
562 4151 669 4200 Pisutus
681 4151 793 4216 incepi.
834 4152 911 4203 Quod
933 4154 1010 4205 moris
1027 4156 1051 4204 ei
1069 4153 1158 4221 ruerit,
1175 4166 1236 4210 ente
1254 4167 1360 4210 oettreru
