3148 4884
253 290 339 360 1376
614 308 648 356 o.
674 305 790 355 runnu
815 305 977 356 snouunr

255 471 402 520 oeusurae
417 451 592 536 periturus,
607 470 694 532 aegre
710 451 852 528 tribuno,
868 452 927 534 qui
952 449 1180 527 intercederet,
1196 456 1342 532 reperto,

255 573 277 616 a
300 553 414 616 limine
439 553 513 635 ipso
543 555 657 616 mortis
685 557 879 616 revocatus:
902 552 1013 615 alieno
1036 551 1198 616 beneficio
1226 557 1346 634 postea

256 654 353 730 vixit,
382 654 482 716 bonis
504 653 581 716 iude
603 654 704 717 etiam
725 649 958 716 consecratist'
980 673 1002 716 a
1023 653 1182 716 damnato
1204 657 1345 715 auo:¹oq

254 760 414 836 tanquam
431 773 546 837 parum
561 759 658 830 esset,
672 753 817 818 faucium
833 758 941 816 certol
956 754 1158 827 interiorum,
1174 751 1346 834 expressi-

255 874 318 938 que
340 873 508 936 perantes
530 855 703 936 sauguinis
726 872 827 936 poena
848 860 970 918 exucta
992 859 1080 917 est-¹¹
1125 852 1347 936 Equidemot

255 956 407 1021 Africani
434 955 628 1038 sequentis⁸
650 955 819 1020 inimicum
837 958 862 990 ¹²
887 953 1002 1024 luisse,
1024 941 1121 1019 iuter¹
1135 955 1345 1019 calamitates

256 1058 421 1134 duxerim,
438 1057 514 1140 ipso
526 1064 611 1121 teste
626 1055 860 1119 Macedonico.
886 1056 1057 1138 Siquidem
1073 1056 1185 1119 liberis
1195 1063 1218 1102 ¹³
1234 1056 1343 1120 dixit:

256 1158 339 1235 ‘lte,
355 1159 428 1236 filii,
444 1158 609 1222 celebrato
621 1157 799 1240 exequiae,
813 1176 980 1238 nunquam
993 1157 1076 1220 civis
1092 1157 1228 1239 majoris
1239 1157 1343 1220 funus

256 1258 429 1324 videbitis.⁹
450 1258 495 1321 Et
506 1259 567 1324 hoo
578 1259 712 1322 dicebat
720 1257 792 1340 jam
804 1256 1011 1332 Baleariois,‘
1024 1264 1058 1320 et
1077 1257 1344 1334 Diadematis,¹4¹¹

257 1583 475 1648 p›.rnrepertovet
492 1585 584 1634 Drleo
605 1581 683 1634 habet
699 1591 808 1650 receptu
823 1585 881 1635 cod
898 1587 990 1635 Dalec.
1008 1587 1194 1646 resecata-lo
1210 1583 1253 1634 lta
1269 1583 1346 1634 codd.

257 1650 394 1709 Harduini,
409 1651 500 1699 Doleo.
512 1658 539 1698 et
551 1648 635 1698 Cluffi
647 1649 709 1698 item
726 1650 785 1699 edd.
804 1652 859 1700 Ela-
871 1650 998 1699 ilarduro.
1011 1655 1069 1702 M.
1082 1655 1106 1699 8.
1124 1651 1220 1700 Miller.
1239 1649 1346 1709 Bipont.

257 1721 285 1761 et
304 1714 395 1762 Franz.
415 1729 430 1762 o
448 1715 561 1762 nauata
579 1713 693 1763 Gronov.
712 1721 740 1762 et
759 1714 818 1764 edd.
836 1719 899 1762 rell.
931 1713 1003 1770 Mox,
1019 1728 1066 1775 pro
1082 1719 1145 1763 certe
1168 1713 1263 1762 Laet'
1257 1727 1283 1760 ιιι
1303 1713 1347 1762 ed.

258 1778 313 1826 Ele.
334 1779 401 1840 conj.
422 1781 558 1826 natm—ll
576 1777 619 1827 Ila
639 1791 740 1842 qnoque
760 1778 837 1827 codd.
856 1777 984 1826 Hardniui
1002 1785 1030 1826 et
1048 1777 1131 1827 cuitu
1151 1791 1208 1826 curn
1225 1776 1334 1824 eddre
1306 1791 1348 1824 re-

258 1848 341 1890 conti.
350 1856 440 1903 poeaom
450 1846 556 1889 emnam
567 1855 617 1889 eoae
627 1841 742 1890 Gronov.
753 1848 780 1890 et
795 1843 828 1890 al
846 1850 906 1890 ante
926 1841 1124 1890 Herennium.-
1130 1845 1158 1890 12
1175 1840 1242 1890 Cod.
1255 1841 1348 1890 Dalee.

257 1905 368 1962 Africani
389 1903 537 1952 AEmt’lioai'
528 1905 656 1954 animuum.
658 1909 721 1953 -lo
739 1906 795 1954 Vox
815 1906 895 1954 lilerio
914 1919 965 1952 uon
987 1905 1110 1964 legitur'
1104 1919 1129 1954 rn
1150 1906 1206 1954 Tol
1229 1912 1257 1953 et
1280 1903 1349 1953 cod.

258 1968 350 2018 Doleo.
353 1972 416 2017 -ll
440 1968 582 2030 Boleoneie,
609 1974 632 2018 et
654 1969 761 2026 Creticis,
787 1975 811 2018 et
834 1970 984 2019 Diadematia
1001 1970 1115 2020 Gronov.
1130 1977 1159 2018 et
1178 1969 1263 2034 rolgg.
1285 1977 1347 2018 ante

748 2129 854 2180 NOTAE

259 2239 331 2290 nesae
343 2247 410 2302 erat,
420 2239 463 2304 qui
482 2241 536 2290 aine
556 2241 660 2305 capitali
682 2241 784 2306 piaculo
822 2241 1007 2292 consecrabant
1017 2241 1093 2292 alicui
1103 2241 1161 2290 Deo
1171 2241 1283 2290 Deteret
1296 2255 1348 2304 qno

259 2317 352 2380 attingi
364 2319 491 2368 violenter
502 2333 551 2368 non
561 2326 673 2382 poterat.
697 2319 785 2368 Livius
822 2318 855 2366 de
867 2331 936 2368 more
955 2317 1065 2366 Tullium
1086 2315 1143 2365 vide
1163 2317 1189 2364 iu
1210 2315 1286 2364 Orat.
1301 2331 1348 2378 pro

259 2393 304 2441 lib.
323 2402 364 2441 rx.
391 2392 475 2442 ‘Tum
496 2394 663 2442 Postumiae:
681 2393 786 2442 Interea
823 2393 908 2442 Domo
919 2390 1213 2456 aua,quanaClodiuaeo
1224 2389 1276 2438 ritu
1286 2402 1349 2438 eon·

259 2465 356 2523 dedite,
368 2467 461 2530 lnquit,
470 2465 591 2530 profanae
599 2482 654 2524 noa,
662 2483 726 2532 quoa
737 2467 787 2516 oal-
822 2474 947 2516 eecrarat.

259 2555 292 2589 va
303 2541 427 2605 religione
437 2543 563 2605 potestis:
580 2542 682 2592 dedetir
692 2541 787 2591 delude
856 2549 868 2584 ἢ
885 2542 908 2592 A
920 2543 1030 2592 domnolo
1040 2541 1094 2604 aen]
1115 2540 1156 2590 Ab
1172 2554 1204 2590 eo
1216 2553 1291 2604 quem
1302 2540 1349 2590 Se·

260 2622 288 2665 et
308 2617 370 2666 iatoa
392 2624 578 2680 sacrosanctae,
600 2617 786 2681 cumprimum
823 2626 886 2666 natu
897 2625 1023 2679 moverat,
1035 2618 1254 2681 damnarentque
1265 2624 1350 2666 antea.

259 2693 413 2754 mogiatratn
425 2693 553 2743 abierint!
586 2694 654 2743 Hinc
665 2692 788 2742 Tribuni·
823 2693 891 2740 vida
901 2694 985 2742 Notae
996 2700 1025 2742 et
1038 2693 1143 2742 Emend.
1154 2706 1223 2740 num.
1236 2695 1289 2740 122.

259 2767 448 2830 tiaepoleatatia
460 2770 640 2832 uomeuaana
650 2768 725 2817 avide
735 2767 788 2816 lru-
856 2768 996 2818 'Faucium
1013 2767 1088 2830 certe]
1111 2768 1239 2820 Quoniam
1256 2768 1351 2832 magia·

260 2851 402 2905 paratorea,
423 2843 495 2891 annia
512 2845 613 2905 imperii
631 2842 787 2904 rulaingulia
825 2849 918 2902 tratur,
936 2844 957 2892 ai
984 2844 1040 2908 quia
1066 2843 1174 2906 imperio
1194 2857 1240 2891 auo
1258 2857 1349 2906 parurn

262 2916 341 2966 meri
352 2916 409 2972 aibi,
422 2925 500 2980 atque
512 2917 577 2965 adeo
588 2917 613 2965 in
624 2917 732 2966 nummi·
742 2931 787 2966 ex·
824 2917 953 2982 obediret,
964 2933 1040 2968 manu
1052 2919 1146 2982 injecta
1154 2918 1178 2966 in
1189 2919 1283 2967 collum
1296 2926 1350 2966 tor·

261 2989 322 3039 cudi
339 2991 483 3056 signarique
498 2991 686 3054 cupierunt.-‘
696 2991 788 3041 'l'ribu-
824 2993 896 3058 qneri
912 3007 981 3042 renro
989 2993 1106 3057 jubebat,
1117 3007 1149 3042 eo
1160 3007 1254 3055 genere
1266 3005 1350 3056 pono

231 3088 235 3096 ·
261 3082 309 3117 nna
327 3078 423 3130 antem,
442 3071 484 3131 qni
504 3075 594 3132 postea
612 3068 788 3118 interoeaaiaae
824 3067 956 3132 eo'e'rcena,
967 3069 1040 3131 cnjua
1053 3069 1076 3116 ri
1092 3069 1196 3133 aroguia
1212 3083 1259 3132 per
1275 3081 1349 3117 aurea

262 3143 358 3192 dicitnr
379 3157 412 3192 ue
431 3143 552 3192 Metellae
572 3143 790 3206 precipitaretur,
825 3153 934 3192 narerve
945 3144 1075 3193 interdum
1088 3145 1287 3206 exprimeretur.

262 3219 391 3268 Tribunus
402 3219 511 3268 militum
528 3217 587 3281 fuit,
597 3221 640 3283 qni
652 3220 788 3268 Metellum
857 3228 866 3253 ¹
882 3219 992 3280 Afriem
1002 3217 1130 3281 maneo]
1151 3218 1210 3267 lloc
1221 3223 1269 3272 eat,
1280 3216 1350 3266 Afri·

262 3294 350 3358 petiit,
368 3294 446 3342 veluti
466 3307 497 3342 eo
516 3294 573 3342 cire
593 3299 788 3358 ogeret,queo1
825 3295 882 3344 enni
905 3295 1019 3354 minoeia,
1039 3295 1093 3342 aive
1117 3293 1274 3357 poaterioria.
1308 3293 1351 3342 lta

262 3369 369 3420 militem
390 3384 437 3432 pro
456 3384 502 3419 ano
515 3371 574 3432 jure
594 3368 787 3430 conscriberem
825 3373 936 3432 capot).
948 3369 1007 3418 libri
1020 3369 1109 3431 linquar
1132 3369 1254 3418 ‘Prinna
1269 3369 1350 3417 oanni-

262 3459 321 3495 narn
337 3445 362 3494 id
375 3459 452 3494 uuum
464 3443 568 3493 efficere
580 3444 675 3507 potuit,
687 3445 788 3508 integro
826 3459 868 3494 nrn
880 3444 935 3494 radi
951 3444 1066 3509 qnotidie
1084 3443 1197 3493 inatiruit
1213 3441 1350 3494 Africanae

261 3520 340 3568 nihilo
356 3519 437 3567 mione
455 3519 563 3566 'l'ribnni
577 3517 660 3580 plebia
677 3517 788 3580 judicio,
824 3518 954 3583 aequenr.'

263 3593 297 3642 de
308 3594 381 3642 bonis
393 3593 494 3642 Metelli
504 3593 701 3642 coniectandia:
720 3593 788 3657 quod
857 3594 1026 3658 ‘Buleort'riaJ
1049 3595 1072 3644 E
1090 3601 1202 3658 quatuor
1220 3592 1278 3642 tiliis
1297 3599 1350 3642 trea

263 3677 292 3718 et
315 3667 413 3718 iactum
439 3667 517 3718 l'niaae
540 3670 639 3718 Plinius
657 3669 788 3720 admonet.
826 3672 949 3736 precipui
961 3671 1161 3732 hinaipnautur:
1181 3671 1247 3722 1.0.
1256 3669 1351 3720 Metel·

263 3743 330 3793 Nam
341 3743 477 3792 Metellum
486 3743 692 3792 hominemauum
701 3744 788 3794 facere
825 3745 1350 3806 luaBalearicae,consularia,0eororlnr,

262 3816 391 3868 'l'rilrnona
410 3819 517 3866 militum
537 3819 630 3880 potuit,
650 3821 715 3868 bona
732 3821 788 3868 Me·
825 3835 856 3869 ao
865 3821 1045 3884 Triumphalia.
1064 3819 1352 3874 nurnineuuacen·

264 3894 320 3942 telli
332 3907 379 3941 aua
389 3891 475 3942 iacere
487 3907 537 3942 uon
550 3892 651 3956 pornio'
671 3895 716 3942 Ed.
727 3909 773 3942 ree.
826 3897 928 3958 eulatie,
940 3895 1160 3957 ao'l'riumplualia.
1177 3899 1202 3942 8.
1215 3894 1244 3944 L.
1256 3893 1351 3943 Metel·

296 3975 309 4010 ν
327 3969 487 4032 Conuenite]
513 3968 574 4032 Ejnr
592 3969 635 4032 qui
653 3967 788 4018 damnatae
826 3970 865 4019 lua
884 3960 1351 4033 Dalmaticae,consularia,qne1net

263 4041 350 4092 inerat
362 4039 427 4093 bona
438 4042 585 4091 aoleuuibue
599 4042 692 4105 verbis,
703 4042 788 4093 ioculo
826 4046 974 4096 ceurerinrn
982 4045 1061 4095 solare
1070 4045 1268 4096 auetoreatval.
1278 4045 1351 4095 Max.

263 4117 790 4183 inrorlriapoaito,adlribitoquetibicine,
826 4134 887 4171 viu.
899 4127 922 4172 ⁵.
932 4127 955 4170 l.
990 4121 1103 4172 Quartus
1119 4118 1170 4169 luit
1187 4120 1218 4170 C.
1230 4119 1352 4170 Metellae
